2870 4981
313 332 359 399 o
700 332 703 337 ·
768 379 771 385 .
1076 274 1078 277 V
1225 305 1733 398 Puoossmmu
1804 348 1808 361 ·

312 523 446 583 dem
486 519 774 603 suspicer.
855 516 1086 600 Magna
1126 532 1326 582 earnm
1357 534 1499 601 pars
1521 532 1573 583 -a
1613 517 2010 602 superioribus
2044 519 2231 603 poetis
2261 517 2475 582 Latine
2511 517 2638 584 iam

315 616 443 669 erat
480 608 740 685 redditur,
787 624 934 687 qnae
981 625 1074 666 res
1107 612 1314 686 poetae
1357 606 1599 667 multum
1632 606 1942 669 adiumenti
1978 608 2053 668 ad
2097 606 2378 681 orationis
2421 607 2637 670 cultum

228 722 232 735 ·
315 702 373 754 et
429 692 658 773 copiam
704 691 924 753 afferre
980 690 1194 755 debuit.
1293 691 1456 752 Loca
1499 700 1691 753 autem
1749 691 1991 771 ltaliae,
2058 671 2333 768 Siciliae,
2397 691 2680 779 Africae,

317 799 433 839 nou
477 787 643 840 erant
688 786 805 838 tum
849 775 1085 854 ignota,
1132 785 1194 837 ut
1235 771 1476 837 Homeri
1521 786 1747 856 Ἀριαῖος
1804 776 1999 858 itaque
2043 798 2151 838 nec
2190 776 2439 855 fabulis,
2487 797 2638 858 quae

315 862 602 925 delectare
644 870 923 945 possent,
959 859 1198 938 idonea,
1245 860 1360 923 uisi
1395 861 1455 922 in
1491 861 1766 927 lectorum
1798 862 2007 924 animis
2043 861 2339 924 recondita
2381 862 2641 950 antiqui-

317 949 454 1010 tatis
511 945 786 1007 memoria
847 955 1210 1007 succurreret
1252 956 1309 1029 et
1352 966 1552 1026 amor3
1611 947 1694 1009 uti
1739 948 1968 1009 omniuo
2028 947 2254 1028 poetica
2296 947 2389 1009 vis
2434 958 2491 1009 et
2535 950 2676 1009 ‹le-⁷

316 1032 579 1107 lectatio,
627 1051 799 1113 quam
829 1029 933 1092 illa
964 1030 1159 1109 affert,
1205 1031 1518 1112 plurimum
1542 1040 1836 1095 mutuatur
1859 1053 1937 1095 ex
1966 1032 2326 1115 antiquitatis
2356 1033 2639 1114 erudime,

316 1117 599 1199 imprimis
642 1116 958 1197 mythic-ae,
1002 1116 1470 1182 recordationef‘
1717 1152 1718 1157 1
2149 1146 2152 1151 >
2539 1120 2544 1125 ”

296 1198 303 1205 “
487 1201 858 1278 „Veniamus
918 1203 990 1264 ad
1048 1194 1317 1263 dilectum
1370 1200 1431 1263 in
1491 1203 1698 1280 heroe,
1762 1222 1930 1283 quem
1985 1201 2098 1266 sibi
2137 1200 2637 1283 ·‘sumsit·poeta,

315 1285 552 1351 factum.
653 1286 911 1348 Primum
968 1300 1219 1366 persona
1263 1286 1422 1366 εἰπε,
1486 1307 1721 1367 genus,
1761 1288 2028 1366 fortuna,
2088 1308 2294 1349 nomeu
2339 1304 2409 1348 ac
2452 1288 2642 1350 virtus

318 1381 377 1432 et
412 1371 550 1433 olim
596 1391 1051 1453 unumquemque
1097 1370 1416 1433 liberaliter
1457 1372 1791 1434 institutum
1823 1383 1993 1454 atque
2037 1372 2351 1434 Homerica
2394 1372 2643 1434 lectione

318 1455 595 1520 imbutum
655 1468 850 1518 tenere
913 1455 1140 1533 debuit,
1202 1466 1259 1518 et
1320 1478 1471 1519 nunc
1516 1467 1705 1536 tenet3
1768 1458 1864 1541 qui
1912 1478 2084 1520 casus
2128 1476 2257 1520 enm
2304 1458 2366 1518 in
2410 1457 2646 1519 ltaliam

319 1542 655 1620 adduxerit,
728 1541 951 1604 discere
1012 1556 1282 1620 aremus3
1356 1541 1747 1604 Troianorum
1807 1553 1999 1605 mrtem
2058 1564 2090 1604 e
2151 1542 2364 1623 patria.
2397 1542 2645 1604 incensa

263 1666 266 1670 Δ
318 1626 699 1724 profugorum
753 1627 879 1690 fata
934 1626 1179 1687 libenter
1221 1627 1650 1706 cognoscimus.
1734 1629 1947 1709 Longa
1990 1628 2289 1708 navigatio
2332 1649 2439 1709 per
2463 1641 2645 1691 ‘mare

318 1722 436 1772 ista
492 1723 680 1774 aetate
741 1732 851 1773 uon
908 1711 1150 1774 multum
1211 1713 1456 1774 navibus
1531 1713 1954 1792 frequentatum
2013 1715 2085 1774 ad
2143 1722 2328 1774 terras
2391 1715 2646 1776 nondum

319 1797 570 1857 humano
617 1796 807 1875 cultu,
867 1816 1036 1877 quem
1079 1796 1388 1876 aliqnando
1432 1807 1772 1877 accepturae
1817 1808 2017 1876 eraut,
2076 1798 2397 1860 celebratas
2443 1797 2647 1878 quidni

321 1881 525 1942 locum*
569 1881 788 1944 faceret
843 1881 1107 1962 plurimis
1163 1881 1437 1961 periculis
1492 1902 1561 1944 ac
1616 1881 2078 1960 difficultatibus,
2144 1884 2351 1963 quibus
2407 1883 2645 1945 Aeneae

252 1990 261 2003 ¹
325 1966 507 2030 virtus
537 1966 595 2026 iu
621 1967 1054 2027 admirationem
1086 1966 1178 2027 sni
1209 1986 1413 2047 rapere
1440 1967 1682 2046 possem
1725 1967 1979 2029 Infestae
2006 1969 2147 2028 deae
2174 1970 2265 2028 ira
2298 1968 2645 2049 asperrima,

325 2061 382 2112 et
410 2044 701 2117 ex-altera
728 2063 892 2132 parte
920 2062 1002 2112 tot
1031 2054 1266 2112 deorum
1299 2051 1548 2113 monitus
1578 2052 2067 2132 exspectationem
2093 2052 2315 2114 faciunt
2345 2072 2647 2133 magnam.

325 2136 493 2212 Quae
551 2137 743 2198 omnia
798 2139 869 2199 ad
930 2152 1120 2202 rerum
1179 2136 1669 2216 magnitudinem,
1745 2156 1896 2218 ¹quae
1927 2136 2209 2198 *animum
2264 2138 2648 2200 admiratione

325 2221 573 2298 detinet,
618 2242 790 2302 qunim
821 2221 1087 2299 valeant,
1134 2224 1206 2284 ad
1253 2221 1715 2302 probabilitatem
1747 2242 1974 2303 quoque
2007 2223 2359 2284 narrationis
2404 2222 2649 2303 egregie

325 2316 458 2367 sunt
503 2316 856 2387 coiuparata.
959 2307 1076 2368 Sed
1132 2327 1308 2390 quum
1362 2306 1533 2390 plura
1586 2306 1757 2368 huius
1802 2306 2037 2387 generis
2093 2307 2321 2367 narrari
2380 2307 2660 2389 possint,

249 2427 257 2437 ·
324 2389 385 2451 iu
430 2391 640 2452 dilectu
688 2395 1140 2453 tamenAeueae
1174 2395 1368 2471 magni
1414 2399 1621 2472 poetae
1657 2392 1961 2471 'ingenium
1997 2413 2066 2453 ae
2108 2392 2379 2454 iudicium
2416 2395 2651 2455 doctum
2701 2438 2726 2453 .

324 2484 384 2538 et
426 2476 775 2557 exquisitum
819 2477 961 2537 nibil
1007 2476 1196 2557 magis
1242 2476 1468 2557 argnif,
1517 2497 1689 2559 quam
1734 2479 1883 2558 quod
1929 2498 2059 2539 eum
2102 2477 2467 2559 potissimum
2511 2499 2652 2539 car-

324 2561 499 2624 minis
544 2561 633 2622 sui
671 2561 904 2622 heroem
934 2561 1375 2642 circumspexit,
1420 2562 1517 2643 qui
1561 2562 1621 2623 in
1667 2557 1895 2646 ltaliam
1926 2563 2315 2625 Troianorum
2359 2564 2652 2625 coloniam

322 2648 677 2723 deduxerat,
723 2667 935 2707 novum
980 2666 1221 2725 reguum
1247 2646 1306 2708 iu
1338 2646 1513 2708 Latio
1542 2651 1948 2727 constituerat,
1992 2651 2144 2709 unde
2178 2647 2365 2712 Albae
2398 2649 2652 2728 Longae
2693 2653 2716 2691 ³

327 2742 499 2811 atque
542 2731 765 2804 Romae
809 2732 1066 2811 origines
1111 2734 1546 2812 repetebantur,
1589 2732 1817 2813 -quique
1855 2732 1976 2810 ita,
2034 2733 2141 2794 etsi
2190 2734 2510 2795 nec'uobis
2554 2731 2674 2798 ἰαί

327 2826 561 2898 gratum
603 2837 746 2878 esse,
789 2825 977 2896 p‘otest
1031 2818 1173 2879 tanti
1218 2816 1447 2897 imperii
1487 2815 1707 2897 primas
1768 2817 2026 2897 origines
2072 2838 2458 2899 cognoscere,
2521 2818 2655 2879 Ro·-

327 2901 516 2963 mauis
566 2912 783 2979 tamen,
847 2901 1203 2982 antiquitatis
1264 2922 1406 2963 suae
1470 2911 1763 2983 tantopere
1824 2903 2140 2981 studiosis,
2204 2924 2349 2965 nnus
2395 2903 2653 2965 omnium

280 3059 281 3062 Ἴ
328 2986 582 3052 maxime
627 2996 894 3068 acceptus
944 2996 1005 3047 et
1047 2990 1474 3050 commendatus
1519 3003 1651 3048 esse
1696 2988 1911 3051 debuit.
2009 2987 2325 3050 Commode
2366 2988 2551 3068 igitur
2589 2996 2654 3050 et

328 3072 633 3150 ingeniose
663 3072 738 3135 'in
773 3071 974 3152 primis
1019 3074 1214 3134 statim
1259 3072 1524 3133 versibus
1551 3080 1724 3157 poeta
1767 3073 2129 3135 audientibus
2161 3073 2465 3154 pollicetur
2508 3093 2654 3133 nar·-

329 3155 612 3233 rationem
654 3166 880 3235 rerum,
925 3156 1132 3238 quibus
1177 3157 1342 3237 origo
1386 3156 1611 3220 Rumae
1655 3159 1992 3219 deberetur:
2049 3179 2249 3238 genus
2289 3156 2464 3219 unde
2505 3156 2655 3226 La-

329 3239 536 3303 tinum
576 3238 951 3322 Albanique
999 3252 1253 3323 patres*
1283 3252 1479 3323 atque
1534 3243 1716 3303 altae
1757 3240 2019 3305 'moenia
2079 3241 2356 3305 Romae.
2458 3244 2654 3319 Quam

329 3325 643 3406 magnifica
700 3327 846 3387 haec
902 3326 1209 3410 promissio
1252 3327 1313 3388 in
1368 3328 1560 3387 fronte
1604 3325 1741 3389 novi
1798 3327 1989 3409 operis
2031 3337 2088 3388 et
2146 3329 2217 3387 ad
2269 3327 2493 3388 animos
2543 3346 2657 3388 ex·-

291 3412 684 3491 ,spectatione
728 3411 1036 3491 erigendos
1079 3412 1321 3477 idonea!
1388 3412 1479 3473 De
1522 3412 1719 3473 Aenea
1777 3413 2015 3493 eiusque
2059 3412 2354 3473 erroribus
2398 3433 2468 3476 ac
2509 3410 2654 3472 fatis

332 3516 531 3557 omnes
565 3506 789 3558 veteres
831 3497 1073 3582 ¹annuales
1117 3498 1512 3560 Romanorum
1546 3498 1953 3577 loquebantur,
2003 3499 2151 3578 qnod
2183 3517 2258 3557 ex
2301 3494 2653 3577 fragmentis

332 3581 554 3661 passim
616 3603 653 3645 a
697 3582 864 3648 Sext.
913 3583 1149 3644 Aurelio
1193 3582 1423 3646 Victore
1481 3581 1731 3642 servatis
1788 3592 1847 3642 et
1902 3601 1979 3641 ex
2019 3580 2303 3662 Dionysio
2360 3602 2429 3642 ac
2472 3582 2655 3641 Festo

334 3666 482 3727 satis
525 3666 721 3747 colligi
766 3676 984 3746 potest3
1033 3668 1306 3745 attigerat
1346 3687 1443 3728 res
1476 3666 1770 3730 Troianas
1802 3666 2030 3727 Ennius
2076 3685 2300 3747 qnoque
2344 3665 2408 3730 in
2448 3665 2658 3726 Anna-

333 3749 522 3827 libus3
581 3755 934 3831 eundemque
978 3752 1232 3814 Aeneam
1275 3751 1336 3813 in
1380 3750 1705 3828 nonnulliS,
1768 3772 1913 3831 quae
1957 3750 2399 3831 interciderunt,
2464 3750 2658 3832 Grae-

334 3855 533 3898 corum
575 3836 924 3901 carminibus
969 3846 1163 3917 partes
1209 3836 1557 3900 sustinuisse
1602 3856 1716 3895 nou
1758 3833 2084 3916 ignobiles,
2130 3855 2206 3895 ex
2250 3836 2656 3919 Lycophrone,

336 3920 433 4001 qui
466 3920 793 4002 antiquiora
836 3922 1103 4009 collegit,
1147 3934 1203 3984 et
1235 3942 1309 3986 ex
1339 3920 1724 3983 imitatoribus
1762 3941 1863 3981 seu
1898 3920 2355 4001 exscriptoribus
2397 3931 2657 3985 veterum
2729 3920 2740 3928 ’

334 4005 665 4086 intelligas,
713 4008 929 4083 Quinto
972 4007 1228 4069 Calabro
1271 4006 1374 4069 lib.
1407 4006 1512 4071 Xl.
1549 4015 1605 4066 et
1636 4006 1864 4086 Dictye.
1952 4006 2145 4083 Quum
2188 4015 2379 4069 autem
2424 4003 2656 4068 omuino

337 4089 397 4152 in
439 4090 795 4157 Graecorum
849 4091 1354 4172 Romanorumque
1413 4088 1582 4153 libris
1642 4092 1713 4152 de
1755 4089 1955 4151 Aenea
2014 4100 2131 4152 tam
2174 4092 2358 4154 multa
2412 4096 2657 4152 narrata

327 4185 566 4252 essent,
611 4185 848 4256 paratas
892 4176 1135 4239 ornandi
1179 4186 1235 4237 et
1277 4174 1666 4256 amplificandi
1711 4175 2038 4256 argumenti
2072 4172 2531 4258 copias‘Mm-oni
2573 4170 2655 4229 ad

334 4257 571 4322 manum
606 4258 798 4325 fuisse
841 4272 1116 4343 apparet3
1164 4282 1312 4346 quae
1356 4261 1481 4322 eius
1525 4260 1773 4321 felicitas
1819 4260 1997 4340 vulgo
2038 4281 2244 4342 parum
2288 4271 2419 4321 nota
2458 4265 2515 4318 et
2557 4255 2656 4314 in·-

335 4345 564 4407 tellecta
607 4355 717 4410 est.
799 4337 1056 4410 Dedncto
1105 4348 1331 4424 taudem
1367 4363 1561 4407 rerum
1603 4345 1804 4407 ordine
1845 4345 1909 4407 iu
1941 4346 2199 4425 ltaliam,
2245 4364 2398 4406 nova
2440 4356 2652 4414 rerum,

335 4429 630 4515 hominum
672 4440 731 4496 et
771 4430 1027 4494 locorum
1046 4452 1278 4515 genera
1305 4450 1377 4495 ac
1412 4430 1649 4496 nomina
1677 4432 2210 4513 subnascebantur,
2251 4427 2655 4509 contingebat-
