2870 4981
408 315 542 387 248
894 374 911 391 ,
1050 322 1057 327 -
1133 254 2006 379 Ρζνιιιθιιιιωοωε

412 506 619 586 Teque
663 513 905 581 tuosque
942 497 1140 577 iuvat,
1182 504 1345 576 patet
1382 495 1484 559 isti
1524 495 1705 558 ianua
1740 492 1858 557 leto
1874 541 1895 570 ,

412 592 652 667 lamque
696 584 883 648 aderit
922 584 1101 646 multo
1144 580 1368 644 Priami
1413 584 1488 643 de
1525 581 1815 659 sanguine
1855 577 2159 659 Pyrr-lim,

415 675 666 737 Gnatum
709 682 844 734 ante
885 689 991 732 ora
1032 668 1265 750 patris,
1298 676 1525 746 patrem
1566 666 1663 745 qui
1707 667 2013 727 obtruncat
2055 666 2130 725 ad
2170 681 2334 732 aras,

379 759 544 822 ·Hoc
584 768 746 835 erat,
787 755 944 817 alma
986 768 1238 833 parens,
1286 753 1438 832 quod
1484 771 1576 812 me
1619 770 1726 831 per
1768 750 1920 829 tela,
1957 770 2069 829 per
2109 748 2271 830 ignis

413 843 653 924 EripiS,
701 852 763 903 ut
803 837 1009 902 mediis
1051 839 1279 900 hostem
1318 835 1379 900 in
1419 834 1854 919 penetralibus,
1892 843 2067 914 utque
2559 838 2683 917 ,665

414 1041 516 1095 W.
549 1046 836 1109 comparat
865 1038 923 1092 V
942 1077 958 1105 ,
992 1036 1116 1092 418.
1182 1033 1373 1109 quue
1412 1031 1518 1105 pio
1547 1030 1712 1090 sedet
1739 1030 2000 1089 Aeneae.
2069 1031 2260 1088 Thiel.
2306 1043 2496 1092 autem
2539 1038 2691 1097 laudat

414 1106 718 1162 Ruhnken.
753 1105 826 1160 ad
860 1109 995 1160 Ter.
1030 1107 1177 1158 Eun.
1206 1107 1287 1170 11,
1326 1109 1392 1169 1,
1431 1105 1516 1157 18.
1585 1101 1753 1156 Adde
1791 1103 1927 1156 Seu.
1960 1100 2175 1156 Phoen.
2216 1102 2336 1157 ut.
2388 1103 2497 1160 Ιιοο
2536 1106 2688 1163 maim

416 1177 597 1231 adet.
667 1175 794 1227 Val.
828 1175 913 1227 1⁷1.
950 1175 1050 1226 vn
1065 1212 1083 1240 ‚
1118 1172 1239 1227 427.
1296 1166 1650 1229 occumbere
1681 1170 1915 1223 tandem
1946 1168 2308 1227 Possumus?
2339 1170 2518 1243 idque
2545 1176 2688 1234 seda.

416 1240 561 1296 Plin.
589 1244 662 1294 H.
692 1244 757 1294 N.
786 1244 863 1309 11,
897 1245 961 1308 7,
986 1243 1039 1295 5.
1068 1241 1272 1295 sedere
1294 1237 1481 1308 coepit
1503 1236 1785 1292 sententia
1813 1234 1973 1291 haec.
2006 1267 2074 1278 —
2142 1240 2264 1293 661.
2288 1249 2563 1320 „patet
2586 1240 2690 1298 isti

417 1308 654 1364 ianua
701 1307 887 1377 leto,
935 1308 1007 1362 ad
1059 1309 1227 1362 talem
1272 1315 1513 1359 mortem
1564 1302 1636 1356 ab
1671 1303 1847 1358 hoste
1882 1303 2269 1373 accipiendam
2306 1324 2399 1360 via
2436 1319 2605 1375 patet3
2644 1327 2692 1364 ea

418 1393 573 1432 mors
607 1376 770 1429 facile
808 1375 1010 1431 arcessi
1053 1373 1290 1445 poterit3
1348 1370 1546 1439 [Multi
1583 1371 1764 1425 Codd.
1813 1370 1980 1440 istic3
2029 1374 2129 1427 sed
2162 1376 2449 1446 vulgatam
2484 1378 2693 1447 agnoscit

422 1445 589 1499 etiam
644 1442 944 1515 Pompeius
1005 1442 1322 1497 Commeat.
1368 1438 1576 1494 Donati
1634 1455 1692 1509 p.
1743 1435 1864 1492 341.
1966 1438 2052 1492 Cf.
2098 1443 2286 1495 Hand.
2351 1446 2590 1497 Tursell.
2627 1447 2692 1498 111.

418 1528 482 1633 Q}
506 1513 626 1566 462.
672 1510 858 1567 ianua
905 1508 1008 1566 leti
1052 1508 1350 1582 aliquoties
1387 1507 1537 1577 apud
1572 1504 1896 1560 Lucretium
1940 1507 2145 1579 legitur
2175 1512 2231 1573 Ι,
2285 1513 2436 1564 1105.
2469 1514 2569 1579 ΙΙΙ,
2601 1512 2693 1567 829.

499 1620 513 1646 ‚
551 1580 673 1633 374.
744 1578 831 1633 Cs.
880 1579 1050 1633 etiam
1095 1579 1229 1632 Stat.
1266 1574 1455 1630 Theb.
1489 1577 1587 1642 111,
1620 1576 1708 1629 67.
1756 1582 1812 1627 et
1844 1576 2035 1629 Burm.
2081 1575 2152 1630 ad
2189 1578 2316 1643 Val,
2356 1580 2440 1631 Fl.
2476 1582 2571 1644 111,
2601 1581 2693 1637 3ae

423 1648 612 1701 Thiel.
638 1650 846 1715 WVagn.
878 1646 948 1700 ad
982 1648 1136 1714 Eleg.
1162 1645 1231 1699 ad
1257 1644 1481 1699 Messal.
1509 1659 1566 1711 p.
1578 1646 1665 1695 27.
1697 1641 1940 1697 conferri
1967 1641 2168 1710 iubet.]
2199 1674 2268 1686 —
2293 1646 2369 1699 At
2394 1662 2451 1699 v.
2465 1648 2579 1700 662.
2600 1644 2695 1701 663.

422 1730 573 1770 mors
610 1717 808 1781 foeda,
859 1714 1044 1788 qualis
1093 1710 1293 1783 obtigit
1324 1711 1576 1776 Priamo,
1627 1726 1793 1764 caeso
1839 1709 1898 1762 in
1948 1710 2069 1765 eins
2102 1721 2424 1783 „conspectu
2471 1714 2613 1767 filio:
2649 1731 2694 1767 ν.

342 1831 347 1835 .
423 1785 545 1837 502.
581 1787 701 1837 530.
764 1785 847 1836 lta
880 1779 1087 1836 refellit
1119 1778 1221 1834 ista
1256 1797 1313 1833 v.
1340 1780 1462 1833 645.
1491 1779 1610 1831 646.
1643 1775 2010 1832 miserebitur·
2043 1777 2225 1833 hostis
2258 1790 2362 1834 etc.
2395 1812 2462 1823 —-
2496 1779 2694 1836 uiulto

427 1851 518 1903 de
548 1849 828 1917 sangui
841 1867 923 1903 ne
934 1887 957 1916 ,
996 1865 1128 1911 cum
1161 1847 1369 1900 dilectu
1408 1845 1652 1915 positum
1690 1844 2008 1913 epitheton:
2048 1864 2217 1916 quem
2244 1847 2440 1901 effudit
2469 1849 2586 1903 sine
2607 1851 2698 1901 ulla

423 1918 575 1973 senis
604 1915 1018 1970 miseratione.“
1047 1914 1135 1970 H.
1169 1944 1238 1956 —
1267 1916 1354 1971 de
1381 1911 1646 1982 sangui
1655 1928 1732 1965 ne
1760 1929 1876 1965 non
1897 1913 1967 1965 ad
2000 1923 2219 1983 tempus
2246 1925 2329 1969 est
2356 1915 2696 1984 referendum,

424 1986 585 2057 quasi
625 1985 730 2039 sit:
782 1983 965 2039 statim
1003 1991 1129 2053 post
1159 1983 1389 2035 caedem
1424 1979 1662 2046 Priami,
1713 1980 1813 2033 sed
1848 1996 1978 2033 cum
2012 1982 2209 2035 aderit
2242 1983 2698 2053 coniungendam,

422 2051 487 2106 in
522 2070 636 2124 quo
672 2052 815 2106 inest
856 2050 1013 2106 notio
1048 2048 1377 2103 discedendi
1425 2045 1498 2098 ab
1537 2063 1604 2100 eo
1639 2048 1799 2114 loco,
1844 2045 1946 2101 ubi
1981 2048 2232 2104 Priamus
2267 2060 2351 2104 est
2387 2051 2696 2105 interfectus.

420 2120 635 2173 Eadem
672 2120 886 2172 ratione
917 2117 1237 2185 explicandi
1274 2125 1405 2171 sunt
1435 2117 1612 2167 Plaut.
1648 2116 1812 2169 Most.
1837 2116 1925 2181 111,
1952 2122 2019 2182 2,
2047 2119 2100 2169 8.
2135 2133 2252 2170 noa
2284 2116 2469 2172 bonus
2501 2134 2698 2172 somnus

423 2196 508 2242 est
531 2189 606 2240 de
625 2185 885 2256 prandio
904 2224 925 2253 ,
958 2183 1150 2254 gleicli
1180 2201 1306 2238 vom
1343 2181 1546 2237 Tische
1569 2198 1724 2263 weg,
1770 2180 1808 2235 i.
1836 2200 1887 2236 e.
1925 2183 1997 2236 de
2025 2184 2262 2252 prandio
2287 2185 2567 2251 venienti,
2604 2183 2696 2237 Cic.

424 2254 495 2306 ad
522 2256 633 2307 Ant.
649 2258 833 2322 X11,3.
860 2251 1028 2307 velim
1047 2251 1219 2320 scire,
1249 2249 1492 2306 hodiene
1520 2258 1717 2327 statign
1741 2249 1815 2303 de
1841 2250 2108 2305 auctione
2135 2261 2380 2372 ακιὲνιο
2404 2251 2500 2305 die
2512 2251 2694 2320 venias,

425 2331 481 2374 et
510 2323 742 2376 similes.
777 2351 849 2362 —-
911 2322 1035 2376 663.
1079 2317 1403 2374 Gnatum
1437 2335 1509 2370 ex
1573 2316 1792 2371 lurimis
1827 2326 1882 2370 et
1909 2316 2136 2387 optimis
2167 2317 2245 2372 Co
2290 2319 2380 2387 d.,
2421 2319 2561 2373 inter
2651 2336 2698 2374 os

423 2389 669 2455 Medic.,
720 2388 991 2443 suadente
1044 2386 1153 2440 iam
1188 2389 1321 2453 W„
1367 2394 1497 2439 cum
1615 2402 1659 2436 r.
1700 2385 2042 2454 recepimus.
2112 2385 2197 2438 Cf.
2244 2389 2458 2441 adnott.
2502 2386 2568 2441 ad
2586 2338 2696 2440 fol.

426 2455 513 2522 V,
549 2463 634 2511 22.
668 2486 737 2499 —
784 2464 1082 2526 patrem
1133 2453 1283 2527 qui.
1371 2451 1586 2521 „Multi
1640 2450 1821 2506 Codd.
1858 2462 2237 2528 patremque,
2288 2455 2441 2529 quod
2491 2456 2697 2511 nolimu

423 2524 619 2578 Iahnio
659 2524 762 2589 [ad
797 2541 853 2576 v.
884 2522 1041 2589 275.]
1079 2520 1364 2593 praeferri.
1431 2520 1524 2574 Sic
1573 2519 1856 2599 interdum
1889 2518 1993 2594 qui
2025 2521 2085 2574 in
2121 2539 2232 2599 93oe
2276 2532 2573 2591 mutatum,
2620 2520 2698 2575 ubi

428 2592 543 2645 duo
577 2590 840 2657 nomina,
876 2599 938 2644 ut
971 2591 1029 2643 h.
1064 2591 1107 2642 Ι.
1133 2599 1379 2660 gnatum
1410 2597 1466 2641 et
1477 2597 1724 2709 fatrem
1735 2625 1756 2654 ,
1795 2588 1952 2658 iungi
1986 2588 2231 2644 librariis
2267 2590 2620 2655 videbantur3
2647 2596 2698 2642 nt

425 2660 654 2778 {tiz}
667 2661 881 2778 afflig.
907 2655 1089 2777 δὸξὲἒ
1127 2654 2004 2796 Ἑξῗᾎέἒῖᾧῑωωὲἐῶὧωέ
2027 2654 2121 2766 „²¹1
2150 2657 2697 2787 Zfflb'ff’ffimi

426 2792 853 2856 obtruncat.
902 2829 952 2860 „
1008 2790 1072 2844 ui
1104 2789 1404 2846 obtruncet
1437 2758 1826 2843 Marmiianum
1862 2808 2019 2859 esse,
2063 2800 2220 2846 notat
2251 2763 2486 2860 Heius„
2537 2763 2699 2846 et⁰hoo

428 2858 658 2914 exhibet
705 2809 1006 2913 Mentel.ss
1052 2875 1084 2911 a
1119 2876 1194 2910 m.
1231 2875 1314 2935 pr.
1385 2857 1573 2910 Facile
1626 2866 1815 2910 tamen
1863 2876 1931 2912 eo
1964 2876 2151 2912 carere
2182 2878 2511 2928 possumus,
2553 2874 2699 2932 quum

341 2973 347 2988 ,
426 2926 563 2981 alibi
596 2936 848 2982 notatum
884 2926 995 2979 iam
1028 2925 1128 2994 sit,
1166 2927 1387 2993 poetam
1422 2925 1569 2977 hanc
1606 2932 1918 2994 temporum
1953 2935 2010 2980 et
2042 2927 2341 2981 modorum
2375 2927 2699 2983 subtilitatem

426 2993 685 3049 Ciceroni
731 2994 877 3049 relin
917 3012 1070 3047 uere.
1142 2991 1332 3065 Quid?
1381 2993 1532 3066 quod
1583 3001 1637 3045 et
1669 2991 1786 3053 vim
1834 2991 2005 3048 habet
2051 2994 2395 3064 obtruncat,
2447 2995 2541 3069 qui
2584 2994 2699 3049 solet

426 3061 779 3117 obtruncare.
803 3063 838 3090 “
963 3079 1061 3116 aec
1092 3051 1181 3116 H.
1253 3058 1365 3114 Sed
1412 3059 1707 3114 verissime
1749 3059 1900 3121 Wr.
1923 3078 1945 3117 .·
1995 3100 2045 3130 ‚‚
2067 3060 2170 3135 qui
2210 3061 2508 3118 obtruncet
2542 3072 2590 3115 et
2618 3057 2700 3134 qui

426 3129 734 3186 obtruncat
769 3132 1006 3183 multum
1056 3128 1348 3193 differunt,
1404 3145 1591 3199 neque
1638 3127 1874 3181 alterum
1911 3130 2300 3183 Maronianum
2335 3140 2450 3198 est,
2504 3134 2704 3184 alterum

429 3196 890 3263 Ciceronianumt,
927 3213 1113 3271 neque
1137 3194 1445 3251 obtruncat
1470 3196 1650 3249 valet:
1689 3194 2138 3250 obtruncare
2165 3200 2317 3251 sole
2337 3207 2372 3250 t.
2448 3200 2571 3253 Vid.
2601 3199 2703 3249 Not.

433 3263 503 3316 ad
545 3267 689 3317 Aen.
724 3268 779 3330 Ι,
817 3268 903 3319 99.
923 3266 959 3293 “
1032 3264 1309 3318 Οεῐετυιη
1335 3265 1418 3318 ad
1471 3281 1615 3318 aras
1657 3280 1776 3317 non
1809 3263 1997 3318 minus
2033 3282 2203 3338 quam
2232 3274 2366 3319 ante
2401 3283 2510 3320 ora
2532 3260 2706 3336 patris

424 3330 510 3385 rei
545 3330 862 3384 foeditatem
897 3333 1105 3387 mirum
1140 3340 1412 3403 qnantum
1447 3347 1652 3400 augere
1660 3369 1698 3412 ,f
1739 3347 1856 3384 nou
1893 3340 1975 3385 est
2010 3349 2109 3385 cur
2143 3349 2469 3386 memorem.
2504 3363 2570 3374 -
2611 3333 2708 3396 „lu

427 3396 687 3453 versibus
712 3399 995 3453 664—67.
1022 3398 1267 3468 primum
1290 3408 1450 3453 notes
1475 3397 1716 3468 eripts
1749 3414 1850 3467 pro
1879 3399 2149 3469 eripuisti,
2178 3400 2331 3473 quod
2360 3402 2429 3454 ad
2461 3398 2707 3454 auxilium

427 3465 663 3519 Veneris
695 3483 749 3518 v.
787 3468 905 3520 632.
944 3469 1062 3521 633.
1104 3464 1658 3544 reserend11m3jum
1695 3464 1756 3518 in
1791 3465 1984 3523 verbis
2023 3464 2189 3535 hoc,
2245 3470 2438 3539 quod
2474 3497 2541 3509 —-
2572 3462 2708 3519 eri·

416 3532 712 3606 puisti,
768 3543 973 3601 erat,
1041 3542 1120 3588 ut
1163 3549 1468 3587 cernam
1513 3532 1869 3587 insolentiam
1918 3534 2331 3590 consecutionis
2381 3544 2709 3604 temporum}

428 3620 576 3674 quae
612 3601 844 3675 quidem
871 3601 1115 3667 tollitur,
1151 3599 1336 3670 priore
1374 3600 1651 3654 sententia
1683 3600 1760 3653 ita
1785 3610 2023 3656 mutata:
2061 3603 2165 3657 An
2185 3619 2306 3670 me,
2344 3613 2560 3670 mater,
2594 3600 2710 3652 ideo

371 3737 376 3743 ⁵
425 3667 710 3736 servasti,
759 3677 826 3723 ut
860 3670 1135 3724 cernam?
1203 3670 1282 3719 Ita
1326 3684 1493 3748 saepe
1538 3669 1722 3720 levem
1758 3686 1956 3725 seusus
2001 3669 2368 3724 mutationem
2426 3661 2712 3724 difficultati

425 3736 839 3792 consecutionis
874 3746 1188 3807 temporum
1220 3734 1435 3788 mederi
1473 3733 1685 3788 videas.
1704 3734 1742 3762 “
1781 3736 1895 3796 W.
1933 3767 2003 3780 -·
2036 3776 2074 3805 „
2099 3735 2226 3790 Vid.
2266 3739 2435 3793 etiam
2466 3738 2616 3791 Iahn.
2647 3730 2711 3785 ad

315 3844 323 3853 .
428 3820 487 3859 v.
513 3808 631 3859 275.
674 3804 809 3878 [qui
832 3804 986 3866 ‚haec
1023 3804 1283 3859 adnotat:
1319 3804 1549 3874 „Quum
1583 3801 1676 3856 hic
1712 3812 1766 3856 et
1802 3806 1925 3859 Hoc
1957 3813 2104 3872 erat,
2142 3805 2294 3877 quod
2332 3824 2425 3859 me
2459 3791 2712 3878 eripuisti,

425 3880 490 3924 ut
527 3889 842 3940 cernerem,
891 3881 946 3925 et
980 3875 1103 3927 Hoc
1135 3870 1306 3942 igitur
1354 3868 1590 3924 consilio
1637 3887 1730 3923 me
1769 3871 1968 3941 eripis,
2017 3880 2078 3925 ut
2124 3888 2388 3940 cernam,
2439 3880 2581 3927 recte
2615 3868 2715 3948 dict
2809 3867 2812 3884 ¹

426 3947 667 4008 poterat,
697 3940 857 4008 poe'ta
882 3951 1070 3994 utrum
1114 3954 1185 3992 ue
1211 3936 1504 3992 coniunxit
1527 3946 1584 3994 et
1608 3936 1861 4007 scripsit:
1892 3939 2025 3995 Hoc
2051 3948 2203 4007 erat,
2235 3942 2393 4012 quod
2415 3951 2501 3995 me
2524 3935 2609 3994 eri
2646 3950 2711 3999 ts,

426 4014 494 4058 ut
543 4023 792 4062 cernam.
821 4006 976 4073 “]“
1113 4025 1168 4062 r.
1239 4004 1380 4058 Mihi
1430 4008 1588 4059 locus
1638 4004 1712 4058 ita
1766 4006 2131 4076 explicandus
2178 4007 2437 4076 videtur,
2489 4016 2552 4060 ut
2655 4014 2715 4055 ⁰0
2811 4025 2812 4028 ¹

382 4079 389 4100 ³
428 4081 560 4125 erat
613 4074 720 4128 iam
767 4084 929 4130 antea
978 4085 1202 4145 captum
1238 4072 1473 4127 Veneris
1517 4072 1817 4128 consilium
1864 4073 2166 4144 significet,
2224 4093 2341 4158 quo
2386 4074 2567 4130 omnis
2605 4069 2713 4123 eius

368 4153 369 4158 ¹
427 4139 633 4209 agendi
678 4142 818 4197 ratio
863 4151 1075 4212 spectet
1118 4143 1273 4209 (das
1320 4138 1448 4195 also
1495 4138 1596 4213 lag
1631 4157 1764 4195 zum
1806 4139 2130 4211 Grande),
2181 4142 2361 4213 eripis
2394 4152 2576 4196 autem
2608 4150 2714 4192 non
2809 4191 2812 4200 A

426 4207 612 4262 solum
659 4211 727 4260 ad
779 4210 1165 4279 praeteritum,
1217 4207 1318 4265 sed
1371 4207 1540 4261 etiam
1574 4208 1948 4279 adpraesens
1981 4220 2203 4279 tempus
2237 4210 2589 4264 referendum
2625 4202 2712 4267 sil,

424 4290 542 4395 §uo
588 4274 782 4330 Venus
831 4278 892 4330 in
937 4278 1166 4332 Aeneae
1229 4276 1493 4331 servandi
1557 4286 1612 4330 et
1659 4276 1875 4331 tutandi
1924 4276 2112 4336 studio
2160 4277 2347 4332 adhuc
2395 4276 2714 4350 perseveret·

376 4349 385 4358 ’
478 4357 623 4414 eque
658 4342 818 4396 aliter
859 4343 1044 4402 Thiel.
1085 4344 1238 4400 hunc
1278 4347 1466 4399 locum
1503 4342 1813 4409 intellexit,
1853 4341 1953 4417 qui
1989 4347 2164 4399 multa
2199 4345 2272 4398 de
2305 4345 2712 4413 eodisputans,

426 4406 574 4466 inter
595 4408 711 4465 alia
729 4409 861 4468 satis
883 4411 1176 4485 ingeniose
1203 4412 1345 4469 haec
1368 4412 1627 4488 amiotat:
1662 4411 1927 4483 „Venus
1950 4411 2053 4471 luat
2077 4431 2133 4470 υ.
2159 4415 2282 4471 620.
2315 4406 2714 4485 versprocheflt
