2870 4981
903 322 1316 392 Aemines
1354 325 1531 417 Lm.
1564 329 1676 399 ιιι.
2323 346 2451 413 355

57 494 61 512 ⁸
146 512 295 577 Ecce
335 504 528 575 autem
566 509 790 576 Boreas
834 522 1088 596 angusta
1128 517 1204 578 ab
1250 517 1389 579 sede
1430 514 1630 581 Pelori

145 600 366 662 Missus
409 601 594 661 adest.
677 599 837 661 vivo.
870 603 1279 682 praetervehor
1322 604 1475 664 ostia
1514 625 1665 666 saxo

142 683 458 764 Pantagiae
498 683 892 764 Megarosque
932 685 1099 748 sinus
1142 686 1560 772 Thapsumque
1598 688 1904 770 iacentem.

2093 792 2104 801 ι

1971 806 2004 817 Q-

144 936 291 988 esse,
330 927 399 972 ut
426 935 622 974 sensus
657 906 727 974 sit
749 916 880 973 hic:
916 920 1060 976 dass
1091 918 1297 1006 Scxlla
1317 921 1612 981 Ιιίηάιινολ
1632 924 1762 981 und
1788 926 2119 1053 fflffibdss
2150 928 2460 1003 Belum-lei.

147 987 244 1050 W
237 1005 303 1059 eg
339 984 568 1041 annaloe
602 987 707 1042 des
753 985 913 1043 Tods
929 1026 952 1058 ,
988 1006 1153 1044 wem·
1184 1008 1249 1046 m
1280 1009 1579 1064 winzigem
1610 993 1888 1050 Abstand
1967 1054 1968 1057 ,
1993 1018 2072 1055 an
2105 1005 2264 1061 nicht
2294 1010 2455 1070 balta

139 1058 247 1111 de„
282 1055 474 1125 Laus.
545 1053 700 1107 Iahn.
748 1054 997 1128 denique
1031 1059 1223 1112 locum
1268 1058 1350 1114 sic
1395 1060 1818 1132 interpretatur:
1864 1067 2104 1132 „Metus
2151 1075 2265 1146 agit
2299 1098 2450 1152 quo-

141 1140 358 1198 cunque
410 1121 674 1177 rudentes
720 1132 982 1178 excutere
1046 1134 1104 1180 et
1147 1127 1334 1182 ventis
1382 1129 1679 1197 secundis,
1747 1133 1848 1205 qui
1894 1152 1999 1191 nos
2043 1155 2202 1196 nunc
2248 1136 2470 1206 versus*

140 1188 479 1260 Charybdim
530 1198 585 1253 et
628 1191 874 1260 Scyllam
936 1191 1221 1262 ferebant,
1287 1193 1695 1266 obtemperare.
1778 1198 1983 1261 Contra
2039 1208 2247 1266 Heleni
2292 1208 2445 1272 iussa

139 1267 394 1325 monent,
431 1256 581 1311 viam
622 1256 768 1312 inter
802 1263 978 1328 (per)
1014 1262 1084 1315 Sc
1124 1264 1258 1316 llam
1307 1262 1745 1332 et'Charybdim
1790 1277 1969 1323 utram
2017 1291 2086 1327 ue
2124 1277 2198 1342 (i.
2236 1297 2286 1333 e.
2320 1284 2445 1340 sive

138 1327 281 1381 viam
328 1336 429 1395 per
463 1327 706 1393 Scyllam
748 1327 871 1382 sive
925 1346 1029 1397 per
1061 1279 1407 1399 gharybdim
1441 1333 1718 1403 elegeris)
1753 1350 1928 1404 parvo
2003 1343 2287 1402 iscrimine
2322 1369 2447 1408 esse

138 1395 281 1449 viam
315 1394 444 1460 leti,
481 1393 591 1447 nisi
629 1394 687 1447 in
713 1404 967 1513 tempore
1000 1412 1196 1452 cursus
1231 1401 1533 1465 teneant;“
1569 1400 1631 1453 in
1662 1419 1774 1474 qua
1809 1405 2039 1474 quidem
2067 1414 2443 1482 explicatione

136 1471 349 1533 praeter
382 1461 533 1515 viam
565 1470 710 1530 per·
723 1463 833 1531 Scy
856 1464 968 1516 lam
1003 1473 1057 1517 et
1082 1463 1426 1533 Charybdim
1465 1468 1579 1521 duo
1604 1469 1953 1538 potissimum
1984 1491 2077 1529 me
2112 1480 2440 1543 offendunt:

135 1528 303 1583 verba
339 1545 535 1598 parvo
581 1528 949 1598 discrimine,
1001 1549 1145 1604 quae
1192 1535 1273 1586 sic
1322 1533 1595 1602 explicata
1643 1537 2008 1594 vehementer
2040 1544 2334 1620 languent,
2384 1554 2443 1610 et

133 1596 194 1651 in
225 1608 480 1666 tempore
513 1613 586 1648 ex
620 1595 848 1650 arbitrio
879 1598 1086 1653 addita.
1160 1603 1342 1669 Quare
1369 1602 1510 1655 mihi
1544 1605 1704 1658 locus
1730 1605 1812 1659 sic
1843 1608 2150 1674 capiendus
2180 1617 2403 1677 videtur
2422 1644 2438 1677 :

130 1664 330 1719 contra
366 1663 573 1716 Heleni
609 1663 759 1717 iussa
796 1675 1059 1733 monent,
1105 1677 1401 1743 utramque
1438 1668 1588 1724 viam
1627 1670 1773 1725 inter
1807 1675 2047 1742 Scyllam
2085 1688 2253 1762 atque
2289 1687 2443 1744 Cha-

127 1732 388 1802 rflfflim,
427 1729 549 1786 sive
585 1731 845 1803 dextrum
869 1733 1002 1788 litus
1040 1738 1290 1806 legentes
1323 1739 1573 1807 Scyllae,
1611 1739 1732 1794 sive
1758 1741 1985 1799 sinistro
2022 1747 2170 1802 litori
2208 1757 2439 1832 propius

121 1800 458 1872 navigantes
514 1796 800 1866 Charybdi
850 1801 1454 1877 adpropinquant-int,
1523 1824 1696 1874 parvo
1752 1809 2076 1867 discrimine
2127 1818 2224 1872 leti
2277 1839 2436 1892 esse,

118 1870 159 1924 i.
189 1887 239 1923 e.
276 1886 308 1921 a
348 1870 469 1919 leto
509 1867 821 1934 paullulum
859 1870 1032 1924 modo
1062 1881 1362 1939 remotam„
1388 1872 1655 1929 facillime
1690 1874 1750 1929 iu
1782 1879 1957 1930 letum
1996 1882 2286 1941 ducturam
2314 1909 2437 1947 esse

116 1939 314 2011 (quam
350 1933 789 2002 explicationem
823 1933 1068 2007 flagitare
1099 1938 1363 1994 videntur
1397 1941 1716 1998 simillimus
1750 1946 1909 2000 locus
1942 1953 2032 2017 X,
2069 1956 2189 2005 511.
2226 1958 2443 2014 certior

111 2015 323 2060 auctor
343 1999 622 2058 Aduolat
641 2002 911 2072 Aeneae,
946 2003 1108 2058 tenui
1139 2005 1474 2063 discrimine
1505 2006 1607 2064 leti
1629 2010 1785 2067 <Esse
1815 2030 1976 2084 σειοε,
2015 2027 2070 2071 et
2102 2021 2269 2076 Ovid.
2303 2028 2438 2083 Met.

106 2076 241 2140 V11,⁴
257 2073 397 2126 426-
465 2067 767 2123 Attonitus
796 2079 1009 2141 tamen,
1047 2071 1147 2128 len·
1178 2074 1512 2132 discrimine
1533 2082 1777 2147 parvo),
1815 2081 2173 2142 nisisi-ectum
2208 2106 2433 2149 cursum

112 2158 217 2212 per
260 2137 521 2193 medium
557 2135 759 2190 fretum
805 2149 1126 2194 constanter
1172 2150 1430 2211 teneant,
1483 2162 1556 2198 ne
1599 2148 1775 2200 latum
1821 2149 2053 2220 quidem
2088 2172 2336 2226 unguem
2372 2162 2433 2218 in

121 2212 441 2262 „nemu-am
482 2211 694 2274 partem
733 2205 1113 2275 declinantest,
1209 2211 1318 2264 uod
1358 2230 1535 2283 quum
1571 2214 1876 2269 admodum
1916 2218 2302 2280 difficile·esse
2336 2227 2433 2283 in-

125 2273 539 2337 tellexerimus,
577 2282 789 2329 certum
829 2273 996 2330 nobis
1023 2285 1138 2344 est,
1217 2296 1309 2331 are
1336 2279 1512 2333 lintea
1545 2290 1712 2336 retro.
1788 2282 2037 2340 Cursum
2063 2289 2214 2345 enim
2239 2303 2432 2352 tenere

124 2342 277 2396 idem
327 2358 478 2408 esse,
526 2342 678 2409 quod
731 2359 761 2394 a
795 2353 949 2397 recto
987 2360 1155 2400 cursu
1198 2362 1316 2400 non
1352 2343 1642 2415 aberrare,
1680 2350 1885 2405 docent
1919 2355 2028 2407 1003
2068 2356 2226 2414 Caes·
2260 2363 2325 2415 B·
2365 2366 2431 2418 G·

125 2412 179 2464 v
197 2451 212 2478 9
239 2414 291 2466 8,
365 2407 516 2464 Leni
547 2409 778 2481 Africo
807 2427 926 2481 pse-o
962 2421 1120 2466 ectus
1130 2451 1154 2481 ,
1191 2413 1382 2469 media
1401 2427 1770 2477 ,noctevento
1803 2418 2158 2495 intermisso,
2197 2444 2434 2487 cursum

126 2496 240 2534 mm
270 2475 491 2545 genuit,
531 2494 586 2537 eg
618 2477 850 2549 longius
926 2476 1115 2535 elatus
1147 2492 1314 2537 aestu
1347 2494 1475 2537 cett.
1545 2483 1659 2540 Cic.
1691 2487 1766 2551 Ν.
1804 2490 1873 2540 D.
1904 2492 2000 2555 ΙΙΙ,
2039 2495 2135 2559 34,
2171 2498 2258 2550 83.
2296 2498 2429 2555 Na·
2491 2507 2494 2510 “

114 2546 355 2602 ,vt-„abas
365 2543 735 2617 Syrawsasg
760 2544 1048 2622 quamque
1071 2549 1484 2606 secundissimo
1506 2563 1671 2608 vento
1696 2570 1930 2610 cursum
1959 2567 2175 2615 teneret
2198 2573 2326 2619 cett.
2342 2584 2427 2637 pr.

127 2586 309 2669 pssnc,
335 2619 422 2667 21,
472 2628 611 2671 extr,
690 2613 774 2669 Ut
819 2624 876 2669 ie
920 2616 1005 2670 ad
1052 2634 1289 2672 cursum
1335 2618 1509 2673 istum
1557 2624 1896 2693 tenendum,
1951 2644 2118 2699 quem
2155 2648 2197 2684 a
2222 2633 2430 2701 prim

125 2692 310 2738 aetate
359 2684 695 2754 suscepisti,
747 2680 1156 2753 cohortentur,
1207 2685 1322 2739 alii’.
1394 2687 1704 2755 (Similiter
1754 2709 1921 2761 supra
1968 2711 2024 2747 v.
2052 2701 2171 2751 283.
2205 2702 2430 2772 fugam

126 2751 370 2805 ,mufsse
462 2769 528 2805 e,-
577 2750 866 2806 medios
912 2749 1164 2817 hostes.)
1247 2753 1341 2819 Sic
1391 2754 1438 2808 si
1487 2758 1676 2814 locum
1724 2759 2097 2831 explicamus,
2152 2767 2245 2820 cui
2291 2786 2429 2826 sane

125 2818 373 2873 ultimam
409 2768 614 2874 limam
668 2821 865 2872 deesse
911 2835 1030 2872 non
1077 2836 1253 2891 nego,
1302 2821 1466 2875 facile
1518 2841 1582 2879 su
1628 2827 1953 2887 ersedemus
2002 2831 2292 2889 artificiosa
2334 2837 2431 2893 illa

122 2885 359 2951 ratione,
413 2904 526 2958 qua
573 2890 892 2959 VVagnerus
943 2886 1049 2941 hos
1103 2905 1298 2943 versus
1352 2906 1384 2943 a
1435 2842 1623 2961 plnriss

123 2953 531 3009 consarcinatus
595 2973 718 3010 esse
780 2951 947 3009 nobis
1003 2958 1340 3024 persuadere
1401 2959 1605 3013 studet.
1690 2959 1947 3015 Ceterum
1998 2968 2196 3022 Heins.
2248 2971 2432 3027 edidit

122 3017 484 3096 Scyllamque
527 3021 988 3094 Charybdinque
998 3060 1020 3101 ἒ
1085 3040 1254 3141 ciuem
1322 3025 1445 3079 iure
1506 3025 1713 3081 refellit
1760 3030 2070 3085 Weichert.
2135 3035 2207 3089 de
2256 3053 2428 3095 versu

120 3089 368 3158 hyperm.
404 3108 461 3159 p.
494 3096 605 3157 17.,
657 3090 824 3143 etiam
857 3090 1052 3143 Iahnio
1122 3093 1375 3150 nudatus.
1415 3123 1486 3134 —
1543 3094 1757 3152 iussa
1796 3096 2072 3155 Heleni
2102 3102 2220 3156 vid.
2256 3121 2426 3177 supra

120 3172 173 3210 v.
201 3157 317 3209 410.
345 3176 370 3211 s
417 3175 476 3229 q.
512 3168 569 3212 et
600 3157 720 3210 420.
745 3176 871 3229 sqq.
907 3187 974 3197 —
1008 3155 1127 3211 lin*
1282 3161 1468 3215 dare
1504 3180 1845 3234 quamquam
1880 3165 2014 3220 alibi
2052 3187 2168 3224 non
2201 3171 2428 3231 videtur

114 3223 238 3290 levi,
274 3176 451 3295 proga
491 3234 677 3278 tamen
713 3234 794 3279 est
821 3223 1047 3292 locutio,
1083 3234 1137 3278 et
1255 3236 1350 3281 tea
1374 3244 1475 3297 pro
1510 3229 1655 3285 velis
1680 3233 1945 3300 leguntur
1968 3235 2133 3290 etiam
2166 3253 2255 3310 ap.
2284 3243 2424 3297 Hor.

117 3265 284 3359 051,
327 3294 406 3361 14,
435 3296 493 3349 9.
535 3296 662 3347 νει.
692 3293 1004 3360 F1.1V,83.
1037 3294 1203 3349 ovid.
1227 3297 1356 3347 Am.
1390 3298 1452 3375 u,
1484 3303 1564 3364 ιι,
1594 3296 1680 3351 4¹.
1715 3299 1893 3353 Lucu.
1923 3303 2424 3379 Aetn.243.a1ibi‚

117 3358 236 3413 vela
268 3361 416 3415 dare
449 3370 655 3414 autem·
679 3360 885 3415 omisso
924 3376 1048 3415 voc.
1086 3361 1267 3416 ventis
1305 3365 1508 3431 legitur
1542 3365 1707 3419 etiam
1746 3367 1912 3422 Ovid.
1952 3372 2083 3426 Met.
2109 3375 2232 3429 vm
2305 3369 2420 3434 175.

115 3429 250 3494 xm,
276 3428 396 3482 401.
423 3429 586 3495 XIV,
612 3429 731 3483 437.
759 3437 815 3482 et
842 3429 990 3498 apud
1021 3429 1179 3484 alios.
1207 3455 1274 3468 —
1308 3434 1427 3486 687.
1455 3443 1785 3504 angusta
1810 3454 1849 3489 a
1868 3436 1902 3491 b
1929 3441 2102 3495 sede
2129 3416 2417 3502 Pelori.

116 3496 472 3561 „Ventorum
509 3495 755 3568 origines
789 3513 821 3549 a
857 3495 1176 3568 montibus,
1211 3500 1366 3553 unde
1399 3496 1562 3567 flant,
1602 3510 1881 3577 tamquam
1918 3524 1950 3560 a
1985 3506 2217 3566 sedibus
2250 3529 2420 3583 repe-

115 3570 234 3616 tunt
268 3565 504 3632 poetaet,
543 3564 617 3618 ita
650 3564 709 3618 h.
737 3565 776 3616 1.
812 3564 1034 3635 aquilo,
1073 3564 1171 3638 qui
1201 3568 1751 3647 navem-secundum
1788 3571 1942 3629 littus
1970 3575 2193 3630 Siciliae
2227 3579 2421 3633 orien-

113 3632 217 3684 tale
262 3648 460 3688 versus
517 3643 766 3687 anstrum
813 3632 950 3700 fert,
1005 3649 1036 3685 a
1086 3644 1469 3704 promontorio
1505 3639 1735 3703 Peloro,
1785 3640 1855 3702 ad
1894 3641 2097 3696 fretum
2133 3644 2417 3715 Siculum,

117 3699 296 3764 venit3
342 3699 484 3753 hinc
532 3709 784 3772 angusta
831 3698 908 3754 ab
956 3701 1111 3755 sede.
1135 3700 1184 3729 “
1217 3700 1305 3755 Hs
1344 3734 1412 3743 —
1471 3702 1558 3759 ab
1603 3707 1735 3760 sed
1750 3724 1782 3760 e
1824 3718 2007 3763 autem
2047 3712 2416 3780 plurimorum

118 3764 385 3821 librorum
434 3776 521 3823 est
567 3768 732 3824 lectio
788 3785 888 3838 pro
935 3770 1090 3837 ⁴vulg.
1143 3785 1182 3822 a
1213 3771 1368 3825 sede.
1431 3771 1574 3826 Vici.
1612 3775 1664 3840 Ι,
1701 3778 1820 3827 270.
1859 3779 1943 3841 11,
1977 3778 2095 3831 601.
2136 3781 2260 3848 Vll,
2297 3786 2416 3838 209.

117 3836 229 3890 255.
253 3844 380 3889 cett.
418 3844 476 3890 et
511 3835 718 3890 adnott.
755 3838 824 3890 ad
856 3837 974 3888 Ecl.
1004 3837 1134 3903 Vll,
1163 3837 1216 3890 6.
1259 3848 1312 3890 et
1339 3840 1438 3892 Ge.
1464 3842 1519 3905 1,
1560 3847 1675 3895 171.
1746 3845 1831 3894 De
1855 3841 2074 3900 Peloro
2094 3846 2213 3900 vid.
2249 3865 2417 3918 supra

117 3902 182 3954 ad
233 3904 438 3958 v.411.
489 3932 560 3945 —-
627 3906 747 3959 688.
791 3902 1186 3972 „Missus‚
1217 3914 1301 3958 'ut
1349 3923 1439 3974 ap.
1493 3909 1619 3960 Val.
1668 3911 1827 3976 F1.1,
1875 3913 1994 3965 625.
2016 3912 2053 3940 “
2094 3913 2309 3970 Burni.
2347 3949 2415 3960 ..-

117 3968 275 4026 vivo
320 3988 541 4026 saxo.
616 3971 743 4023 Vid.
791 3973 859 4024 ad
892 3975 946 4038 1,
989 3974 1106 4025 167.
1156 3979 1211 4024 et
1257 3989 1420 4041 supra
1469 3975 1538 4026 ad
1592 3992 1648 4028 v.
1676 3978 1795 4030 618.
1829 4008 1898 4018 -
1964 3981 2084 4035 689.
2131 3981 2413 4054 Pania-7

162 4036 274 4094 ias
333 4057 380 4093 s.
430 4037 776 4105 Pantachus‚
835 4038 1155 4106 Pantacius,
1223 4039 1417 4107 (nunc
1472 4041 1676 4097 Fiume
1734 4042 1801 4097 di
1846 4044 2143 4116 Porcari)
2249 4058 2413 4109 arvus

112 4052 328 4160 {iciliae
379 4104 590 4161 fluvius
646 4105 790 4159 insra
833 4106 1138 4160 Leontinos
1203 4107 1351 4160 haud
1416 4113 1612 4177 procul
1659 4128 1689 4164 a
1735 4113 1974 4182 Megaris
2027 4132 2072 4168 s.
2113 4118 2205 4184 Hy
2247 4120 2302 4173 la
2352 4121 2413 4175 in

115 4184 258 4228 mare
291 4192 419 4230 sese
456 4172 778 4240 effundens,
830 4174 988 4229 cuius
1036 4175 1240 4228 ostium
1293 4178 1604 4245 praeruptis
1648 4176 1885 4249 rupibus
1932 4180 2256 4239 includitur.
2326 4187 2412 4241 Cf.

117 4240 286 4297 Thuc.
333 4244 444 4307 VI,
496 4243 550 4293 4.
615 4241 758 4294 Plin.
801 4243 901 4308 ΠΙ,
953 4244 1015 4307 8,
1071 4242 1154 4296 14.
1220 4244 1415 4297 Ovid.·
1454 4246 1599 4298 Fast.
1640 4247 1748 4312 IV,
1798 4246 1929 4308 471„
1978 4258 2059 4316 et,
2168 4271 2269 4308 uos
2333 4258 2409 4309 H.

114 4305 321 4376 laudat,
375 4308 625 4363 Cluverii
676 4308 864 4363 Sicilia
888 4312 943 4376 Ι,
984 4314 1067 4363 11.
1113 4319 1169 4363 et
1217 4312 1455 4366 Dorvill.
1505 4312 1691 4367 Sicula
1737 4331 1793 4383 p.
1822 4317 1941 4369 206.
1978 4334 2066 4388 sq.
2160 4321 2310 4374 laud.
2346 4326 2411 4375 R.

114 4374 257 4431 Pros.
284 4381 363 4447 11,
400 4379 488 4433 57.
536 4394 698 4431 saxa
745 4375 1029 4431 rotantem
1074 4378 1432 4451 Pantagiam
1478 4390 1895 4435 commemorat.
1929 4413 1999 4424 —
2059 4385 2141 4439 M
2145 4404 2411 4457 egaros

114 4440 338 4504 sinus.
423 4449 514 4503 De
574 4444 815 4519 Megaris
860 4443 1251 4515 Hyblensibus
1314 4466 1361 4505 s.
1406 4448 1692 4521 Megaride
1713 4450 2128 4584 ‚cogiZtaZdum‚
2175 4456 2411 4512 ›Siciliae

1630 2910 1694 2948 us
1746 2894 1889 2950 adeo
1938 2896 2429 2979 interpolator-ibus
2537 2935 2540 2944 >
