2870 4981
864 1054 869 1063 ,
938 916 1031 1059 ι’).
1102 890 2394 1069 ἡκειιιῐΜΑΒοΝιε

386 1171 524 1270 Α
763 1167 851 1265 Ε
1074 1165 1169 1268 N
1407 1114 2160 1267 Εμ1 υ·
2319 1122 2506 1265 ὀ.
2653 1161 2710 1267 s

1028 1332 2084 1469 ,ιιΒΕᾙτΕ-ιιτιυε.

959 1664 2132 1767 ”’ληθσΜῈΝώυΜ·

435 1904 723 2013 ,‘,Eversa
748 1928 950 1996 Troia,
987 1929 1238 1996 Aeneas,
1262 1925 1515 1985 collectis
1543 1922 1773 1982 suorum
1797 1924 2057 2005 ‘reliquiis
2072 1967 2091 1996 ,
2123 1945 2271 2003 quae
2296 1928 2456 1987 caedi
2484 1926 2711 1991 flammis·

438 2021 552 2078 que
598 2007 979 2067 supererant,'
1029 1998 1327 2070 parataque
1359 1996 1535 2066 apud
1591 1997 1944 2050 Antandrum
2010 1997 2066 2055 ‚vi
2109 1995 2209 2055 inti
2258 1998 2488 2052 navium
2538 2001 2709 2067 classe,

432 2071 679 2144 primum
733 2066 788 2120 in
823 2065 1121 2119 Thraciam
1175 2066 1438 2118 defertur.
1507 2064 1615 2116 Ubi
1647 2062 2039 2136 ¹quum-urbis
2116 2065 2452 2119 undamenta
2491 2074 2711 2137 poneret,

434 2137 660 2207 territus
694 2133 957 2203 Polydori
994 2151 1023 2185 a
1050 2136 1471 2203 Polymnestore
1509 2131 1656 2186 caesi
1693 2132 1993 2203 prodigiis,
2029 2135 2234 2186 Delum
2273 2133 2407 2202 petit
2445 2133 2711 2205 (1—77.);

436 2201 921 2277 musiiltoqtie.ibi
960 2201 1239 2271 Apollinis
1274 2201 1534 2268 oraculo,
1574 2210 1749 2273 quum
1788 2201 2075 2272 antiquam
2112 2201 2298 2273 gentis,
2329 2218 2464 2255 suae
2499 2210 2707 2268 matrem,

438 2276 549 2333 hoc
598 2282 707 2339 est,
772 2270 1009 2342 primam
1059 2268 1292 2341 originis
1351 2276 1498 2324 suae'
1548 2277 1752 2322 terram
1809 2286 1869 2320 re
1913 2269 2170 2322 etendam
2238 2269 2550 2335 didicisset,
2607 2269 2711 2324 salsa

444 2344 451 2353 '
498 2339 723 2397 achisae
748 2338 915 2407 patris
939 2337 1392 2406 interpretatione
1414 2335 1719 2404 adductus,
1761 2335 1821 2389 in
1900 2346 2070 2389 tetam
2100 2337 2390 2390 contendit
2415 2339 2709 2406 (78—120.)

496 2427 651 2464 erum
688 2424 860 2488 quum
901 2403 1010 2472 ibi,
1047 2405 1242 2476 positis
1278 2405 1390 2463 iam
1424 2401 1755 2486 moenibus,
1807 2404 2133 2474 gravissima
2168 2413 2321 2475 peste
2358 2405 2706 2476 exagitaretur,

437 2476 503 2533 in
538 2488 751 2531 somnis
788 2474 1028 2527 monitus
1064 2492 1094 2526 a
1132 2473 1241 2528 diis
1281 2470 1609 2546 penatibus,
1645 2474 1836 2527 relicta
1871 2470 2066 2540 Creta,
2106 2471 2316 2528 ltaliam
2353 2474 2494 2550 petit
2566 2478 2709 2527 12¹-

438 2544 603 2611 191.)
671 2547 735 2596 In
784 2543 890 2594 hac
938 2540 1292 2610 navigatione
1327 2539 1515 2595 subito
1563 2550 1754 2594 exorta
1791 2549 2148 2608 tempestate,
2203 2540 2448 2610 primum
2485 2560 2515 2595 a
2589 2543 2710 2595 Stro-

437 2614 654 2685 phades
706 2610 913 2663 insulas
964 2612 1264 2678 appulsus,
1328 2606 1400 2662 ab
1449 2609 1712 2676 Harpyiis
1773 2608 2064 2663 infestatur
2125 2611 2522 2677 (192—269.)
2612 2612 2707 2661 Mox

437 2680 662 2734 Actium
703 2677 952 2741 delatus,
989 2677 1048 2728 in
1084 2676 1355 2729 honorem
1384 2676 1665 2745 Apollinis
1699 2678 1865 2731 ludos
1900 2674 2145 2730 celebrat
2179 2677 2545 2745 (270—290.)
2606 2676 2706 2729 Inde

436 2747 738 2814 Corcyram
767 2751 1210 2813 praetervectus,
1238 2742 1469 2812 Epirum
1498 2752 1675 2809 tenet,
1720 2762 1866 2817 quae
1895 2745 1954 2797 id
1980 2745 2246 2814 temporis
2271 2746 2523 2812 Heleno,
2549 2743 2706 2798 Priami

441 2814 591 2879 filio,
650 2810 913 2883 parebat,
978 2811 1069 2864 cui
1133 2820 1258 2880 post
1307 2810 1503 2878 Pyrrhi
1572 2811 1803 2864 caedem
1852 2813 2247 2866 Andromache
2313 2812 2374 2865 in
2431 2812 2707 2882 coniugium

441 2880 701 2937 cesserat.
772 2881 1021 2932 Helenus
1051 2878 1298 2931 Aeneam
1328 2878 1573 2947 hospitio
1598 2878 1830 2947 excipit,
1869 2879 2138 2952 omniq‘ue
2165 2880 2524 2934 humanitatis
2548 2894 2708 2951 genere

442 2947 859 3019 complectitur,
894 2945 1422 3018 imminentiumque
1456 2954 1598 2999 terra
1622 2946 1875 3019 marique
1901 2948 2275 3016 periculorum
2306 2949 2589 3001 certiorem
2614 2944 2707 2998 facit

444 3014 843 3086 (291—505.)
912 3016 1165 3079 Aeneasu,
1200 3013 1387 3065 relicta
1423 3014 1624 3094 Epiro,
1658 3017 1965 3074 Tarentum
1993 3015 2348 3089 primamque
2376 3016 2558 3069 Italiae
2591 3027 2705 3068 oram

442 3083 1005 3163 praetervectus,·ad
1056 3099 1178 3135 eam
1228 3081 1451 3160 §iciliae
1504 3091 1750 3151 partem,
1820 3101 1966 3166 quae
2015 3084 2230 3164 Aetnae
2280 3084 2459 3137 monti
2506 3083 2704 3145 adiacet,
2797 3095 2798 3132 ξ

443 3155 762 3222 appellitur.
831 3149 913 3204 lb·
952 3150 1424 3216 Achemenidem,
1486 3149 1557 3201 ab
1593 3153 1790 3218 Ulysse
1841 3169 1901 3205 m
1936 3149 2196 3220 Cyclopis
2244 3161 2404 3205 antro
2438 3151 2704 3212 desertum,
2797 3169 2798 3180 ¹

444 3219 758 3287 supplicem
809 3215 1033 3284 recipit.
1096 3216 1441 3290 edoctusque
1489 3215 1568 3270 ab·
1618 3236 1684 3270 eo
1735 3218 1806 3271 de
1854 3219 2161 3287 Cyclopum
2213 3219 2462 3278 feritate,
2521 3230 2706 3271 ancoras
2797 3215 2798 3264 ἱ

444 3285 615 3341 solvit
652 3276 1090 3351 (506—683.'):
1133 3301 1462 3357 memorque
1503 3295 1919 3355 praeceptorum
1952 3286 2184 3353 Heleni,
2232 3287 2415 3350 vitatis
2441 3279 2707 3353 Charybdis

448 3362 504 3406 et
542 3354 760 3420 Scyllae
795 3351 1087 3419 periculis,
1128 3351 1348 3404 Siciliae
1380 3354 1540 3406 litora
1582 3356 1750 3423 longo
1784 3354 2017 3406 circuitu
2056 3353 2488 3420 circumvectus,
2526 3353 2705 3406 tandem

447 3423 771 3488 Drepanum
810 3419 1130 3485 advehitur,
1170 3417 1270 3470 ubi
1309 3421 1611 3486 Anchises,
1651 3430 1763 3473 tum
1801 3421 1960 3475 senio
1997 3430 2109 3473 tum
2153 3424 2352 3493 longae
2386 3415 2706 3492 navigationis

445 3486 742 3542 iactatione
793 3485 1076 3556 fatigatus,
1127 3484 1252 3539 fatis
1302 3488 1561 3540 concedit
1611 3488 2013 3557 (684—7123.)
2079 3491 2216 3542 lude
2264 3489 2472 3543 ltaliam
2520 3497 2704 3559 petens,

445 3555 698 3611 immissa
738 3551 807 3607 ab
851 3553 1028 3606 Aeolo
1061 3550 1243 3607 subita
1282 3562 1633 3622 tempestate,
1678 3556 1737 3609 in
1774 3556 2018 3610 Africam
2055 3557 2301 3626 eiicitur,
2337 3575 2501 3632 quam
2534 3562 2705 3626 partem

448 3623 598 3679 libro
632 3622 814 3695 prima
851 3630 1145 3678 exsecutus
1180 3629 1265 3676 est
1296 3624 1480 3690 poe‘ta.
1517 3625 1661 3688 (714
1694 3625 1917 3698 sqq.)“
1951 3623 2039 3681 Π.
