2870 4981
340 311 449 382 '16
1139 247 1150 260 ⁹
1258 261 1761 374 rnoonm'um

365 500 703 568 notissimus
744 497 818 564 n.
847 497 999 577 XX,
1042 494 1193 565 307.
1237 492 1388 562 308.
1431 493 1550 576 ᾗ),
1611 492 1716 557 ubi
1757 493 2064 578 Neptunus
2123 495 2239 560 diis
2297 505 2515 562 auctor
2577 511 2707 582 est,

365 602 431 652 ut
467 589 721 650 Aeneam
775 606 905 646 cnm
961 583 1187 646 Achille
1240 601 1623 661 congressum
1669 578 1954 662 imparem
2013 603 2212 663 pugna
2265 585 2527 646 educant
2546 634 2565 664 ‚
2632 609 2713 649 ne

366 675 493 737 eius
551 678 735 733 morte
787 668 1051 730 Dardani
1100 666 1412 749 posteritas
1471 665 1730 742 deficiat,
1792 686 1962 747 quem
2015 678 2209 729 tamen
2261 668 2499 749 Iupiter
2563 693 2713 753 prae

348 755 573 821 'ceteris
624 752 834 817 liberis
893 752 1161 815 dilexerit
1216 750 1527 828 omnibus;
1587 759 1648 812 at
1689 750 1990 813 Priamum
2045 774 2180 813 cum
2229 755 2533 832 progenie
2578 757 2711 821 lovi

364 865 521 907 nunc
563 861 693 903 esse
737 837 1028 901 invisum:
1083 838 1277 918 itaque
1314 837 1579 898 ‘Aeneam
1632 835 1876 917 eiusque
1918 846 2179 917 posteros
2223 837 2522 911 Troianis
2575 862 2714 906 esse

364 926 747 1010 imperaturos
767 945 785 987 ε

606 1005 748 1071 Νῦν
791 1002 861 1070 δὲ
898 1002 972 1091 δὴ
1017 1002 1261 1069 Αἰνείαο
1303 1005 1411 1089 βίη
1459 998 1785 1091 Τρώεσσιν
1830 998 2092 1084 ἀνάξει,

601 1093 734 1155 Καὶ
775 1090 1021 1158 παίδων
1065 1089 1330 1165 παῖδες,
1374 1096 1480 1152 τοί
1509 1098 1626 1153 ’κεν
1669 1086 2032 1174 μετόπισθε
2072 1083 2403 1173 γένωνται.

290 1204 291 1211 “
359 1182 642 1261 'Regnum
683 1179 791 1243 his
834 1179 1104 1244 versibus
1160 1180 1393 1240 Aeneae
1452 1187 1922 1257 posterorumque
1974 1176 2102 1239 eius
2157 1177 2458 1240 declarari
2508 1181 2720 1244 mani—-

368 1268 581 1328 festum
626 1275 750 1345 est3
813 1268 949 1342 sed,
997 1285 1108 1344 quo
1152 1263 1218 1325 in
1260 1263 1385 1324 loco
1428 1262 1573 1323 illud
1613 1264 1872 1323 futurum
1917 1261 2029 1337 sit,
2076 1283 2194 1324 non
2235 1264 2552 1345 proditur,
2603 1287 2718 1329 nee

369 1354 441 1414 de
484 1371 553 1411 ea
593 1372 691 1430 re,
753 1361 914 1412 certa
958 1353 1107 1430 apud
1150 1357 1374 1412 veteres
1417 1349 1576 1408 fama
1621 1346 1769 1424 fuit3
1829 1347 2288 1428 quandoquidem
2327 1351 2428 1410 ¹de
2466 1350 2719 1415 Aeneae

370 1435 669 1511 erroribus
729 1456 797 1498 ae
848 1435 1098 1500 ,sedibus
1155 1433 1388 1496 omnino
1447 1431 1678 1495 diverse
1741 1431 2013 1493 traditum
2068 1441 2193 1493 est:
2270 1433 2381 1494 alii
2448 1430 2594 1497 euin
2649 1437 2721 1498 in

342 1521 662 1597 ,Thraciae
695 1520 894 1600 litore,
940 1520 1004 1580 in
1035 1519 1285 1582 Arcadia
1327 1516 1466 1595 alii,
1511 1517 1614 1578 alii
1662 1516 1728 1577 in
1755 1515 1992 1594 Sicilia,
2033 1516 2140 1577 alii
2181 1516 2245 1577 in
2281 1518 2505 1599 ltalia,
2556 1542 2721 1603 quae

330 1598 526 1668 ‘fama
568 1606 814 1685 deniqne
875 1624 1014 1686 prae
1067 1603 1273 1667 ceteris
1333 1602 1553 1665 credita
1610 1623 1681 1665 ae
1731 1601 2020 1664 celebrata
2059 1611 2182 1678 est,
2241 1604 2605 1668 consedisse
2660 1614 2721 1668 et

318 1757 337 1771 x
372 1691 549 1753 vitam
587 1690 814 1752 finiisse
855 1699 1196 1765 narrarunt3
1239 1689 1474 1750 fuerunt
1512 1687 1716 1765 etiam,
1765 1686 1863 1768 qui
1904 1687 1970 1748 in
2011 1687 2143 1769 ipsa
2170 1688 2409 1751 Troade
2450 1712 2720 1771 regnum

370 1775 513 1836 illud
557 1775 930 1836 constitutum
991 1793 1123 1835 esse
1166 1775 1489 1849 traderent3
1551 1791 1627 1832 ex
1685 1792 1801 1853 qua
1843 1770 1973 1851 ipsa
2014 1772 2376 1836 niu-rationis
2415 1775 2721 1838 varietate

369 1869 611 1941 apparet
646 1859 701 1920 id
719 1907 738 1939 ,
784 1861 933 1938 quod
981 1858 1278 1935 volumus,
1323 1879 1444 1918 non
1479 1859 1790 1918 obscurum
1821 1856 2071 1934 aliquem
2116 1856 2180 1917 in
2207 1869 2408 1920 vetere
2453 1861 2722 1925 historia

352 1955 473 2006 naut
534 1943 687 2004 inter
748 1951 951 2025 poetas
1009 1941 1203 2005 virum
1260 1940 1451 2004 fuisse
1507 1941 1799 2018 Aeneam,
1863 1961 1971 2002 nee
2032 1941 2157 2003 eius
2217 1943 2344 2004 fata
2404 1954 2469 2006 et
2523 1967 2627 2009 res
2677 1968 2721 2009 a

369 2029 625 2108 Virgilio
666 2026 935 2091 inventas
976 2048 1106 2090 esse
1169 2036 1225 2089 et
1266 2024 1651 2107 excogitatas,
1736 2023 1854 2088 Ubi
1900 2035 2092 2087 antem
2140 2033 2312 2107 poeta
2357 2028 2595 2111 aliquis
2648 2030 2718 2094 in

369 2114 673 2178 materiam
733 2117 808 2175 ab
866 2113 1003 2176 aliis
1062 2123 1196 2175 ante
1253 2133 1320 2175 se
1374 2119 1676 2187 tractatam
1731 2108 1971 2189 incidit,
2030 2119 2093 2170 ut
2150 2132 2259 2172 suo
2302 2115 2570 2178 consilio
2613 2118 2718 2181 vel

371 2209 550 2261 totam
592 2199 848 2263 fabulam
902 2199 996 2263 vel
1038 2207 1271 2279 partem!
1292 2196 1451 2257 ‹inde
1507 2198 1921 2275 accommodet,
1982 2194 2269 2276 refingere
2310 2202 2616 2263 nonnulla
2658 2210 2718 2264 et

370 2294 632 2362 mutare,
679 2287 888 2346 addere
933 2283 1024 2346 vel
1065 2284 1364 2345 detrahere
1409 2281 1577 2346 solet.
1680 2280 1881 2362 ltaque
1923 2279 2175 2343 diversis
2214 2283 2410 2346 modis
2457 2289 2713 2351 eandem

370 2390 497 2450 rem
550 2369 768 2450 exponi
822 2389 1063 2431 neeesse
1118 2378 1229 2434 est.
1326 2364 1613 2440 Histoi-ici
1663 2374 1859 2427 autem
1915 2364 2159 2444 Graeci,
2230 2387 2380 2430 suae
2442 2370 2712 2434 civitatis

371 2474 483 2518 seu
543 2453 738 2535 populi
814 2453 1074 2535 origines
1143 2461 1503 2533 repetentes,
1579 2450 1915 2538 popularem
1983 2452 2202 2513 famam
2274 2457 2710 2535 sequebantur.

372 2540 648 2603 Solemne
693 2538 992 2612 enim,hoc
1037 2537 1282 2601 Graecis
1325 2536 1698 2614 civitatibus,
1755 2546 1819 2597 ut
1881 2535 2082 2617 stirpis
2135 2537 2229 2599 vel
2270 2540 2446 2603 urbis
2496 2542 2713 2604 condi..

372 2633 556 2686 torem
617 2624 706 2686 vel
763 2615 1042 2684 haberent
1105 2622 1200 2684 vel
1257 2621 1465 2683 haberi
1516 2620 1731 2685 vellent
1792 2622 2014 2683 clarum
2070 2621 2323 2702 aliquem
2367 2645 2449 2686 ex
2492 2627 2710 2706 ultima

371 2707 715 2788 antiquitate
754 2708 1012 2774 heroem.
1098 2706 1403 2769 Eiusmodi
1447 2707 1666 2771 famam
1703 2708 2039 2787 popularem
2067 2727 2173 2788 per
2214 2708 2438 2771 multas
2474 2722 2706 2778 aetates

373 2804 756 2877 propagatam
804 2793 936 2874 quis
978 2795 1120 2855 adeo
1165 2801 1432 2853 constare
1474 2790 1594 2853 sibi
1628 2790 2021 2871 exspectabit,
2068 2802 2133 2853 ut
2174 2792 2341 2854 nulla
2383 2795 2709 2860 diversitas

373 2878 731 2941 narrationis
765 2877 919 2940 inter
944 2876 1143 2957 plures
1188 2876 1373 2939 tribus
1402 2885 1504 2938 aut
1534 2875 1798 2938 civitates
1831 2875 2124 2954 exsistat?
2208 2877 2424 2940 Nonne
2457 2885 2705 2946 eandem

371 2974 626 3028 veterem
683 2964 900 3026 famam
961 2982 1137 3040 saepe
1193 2963 1269 3022 ad
1329 2982 1395 3023 se
1454 2972 1729 3023 revocant
1795 2971 1852 3026 et
1909 2959 2029 3021 sibi
2073 2960 2376 3024 vindicant
2415 2966 2621 3046 plures
2664 2990 2707 3029 a

373 3047 668 3111 communi
701 3048 881 3130 stirpe
924 3048 1215 3129 profectae
1237 3046 1497 3108 familiae
1516 3046 1548 3107 ’ἔ
1595 3109 1596 3112 ,
1626 3047 1821 3123 Quum
1851 3055 2042 3108 autem
2078 3046 2295 3108 multae
2335 3049 2565 3129 passim
2597 3072 2705 3133 per

377 3131 545 3199 varia
588 3133 719 3195 loca
758 3154 1000 3214 sparsae
1058 3141 1255 3194 essent
1296 3130 1687 3196 Troianorum
1742 3131 2036 3209 coloniae,
2099 3131 2235 3211 quid
2281 3133 2540 3213 mirum,
2601 3157 2704 3200 eas

375 3237 576 3281 omnes
609 3217 897 3297 originem
929 3238 1097 3279 snam
1132 3220 1202 3278 ad
1235 3216 1493 3279 Aeneam
1527 3215 1743 3277 referre
1775 3216 2053 3278 maluisse
2071 3217 2102 3278 ‘l
2179 3215 2354 3279 Unde
2388 3211 2702 3294 diversitas

376 3303 515 3379 illa,
575 3302 787 3383 partim
842 3301 1151 3364 consensio
1208 3302 1403 3363 famae
1463 3309 1519 3362 et
1578 3300 1929 3363 manationis
1973 3300 2224 3362 oriretur
2267 3324 2520 3366 necesse
2562 3305 2701 3369 fuit.

374 3388 512 3450 Etsi
557 3386 742 3467 igitur
777 3385 928 3448 intzr
961 3386 1214 3449 Graecos
1258 3385 1571 3466 scriptores
1602 3365 1856 3466 magnu’s
1886 3395 2012 3448 erat
2054 3389 2123 3447 de
2165 3407 2355 3468 regno
2393 3392 2468 3449 ab
2498 3390 2702 3451 Aenea

366 3472 605 3535 condito
654 3472 1017 3549 dissensus,·
1057 3491 1232 3550 quum
1292 3481 1487 3533 utinen
1525 3470 1780 3536 Romani
1822 3470 2134 3551 scriptores
2181 3474 2253 3534 de
2298 3473 2700 3536 Troianorum

375 3558 444 3620 in
481 3556 715 3619 ltaliam
757 3558 1009 3617 adventu
1051 3555 1350 3637 Albaeque
1390 3556 1639 3635 Longae
1697 3554 2025 3634 originibus
2086 3559 2162 3618 ab
2199 3557 2406 3619 Aenea
2442 3558 2702 3635 ,eiusque

377 3640 658 3724 progenie
699 3639 960 3722 repetitis
1007 3661 1120 3702 uno
1165 3661 1264 3702 ore
1306 3643 1597 3701 traderent
1639 3636 1738 3719 (v.
1783 3638 2070 3721 imprimis
2104 3641 2271 3706 Sext.
2303 3642 2510 3707 Aurel.
2543 3642 2699 3707 vict.

334 3747 341 3754 “
378 3729 450 3788 de
484 3728 557 3791 Ο.
594 3726 668 3791 G.
698 3725 805 3807 R.)
826 3774 844 3804 ,
873 3724 1000 3787 inre
1030 3746 1138 3786 sno
1168 3724 1339 3787 Maro
1367 3723 1627 3788 fabulam
1658 3726 1809 3787 bime
1841 3725 1992 3787 inter
2016 3725 2316 3789 Romanos
2344 3727 2697 3790 celebratam
2737 3745 2740 3748 ·

344 3817 351 3824 “
376 3812 673 3892 praeferre
700 3810 909 3873 ceteris
934 3810 1124 3890 potuit
1153 3830 1223 3872 ae
1248 3808 1593 3874 debuit.*--
1631 3810 1954 3888 Antequam
1979 3812 2052 3870 ad
2077 3810 2197 3871 alia
2230 3805 2694 3891 progrediamur,

377 3898 451 3956 de
482 3895 608 3957 loco
636 3894 947 3959 Homerico
976 3916 1157 3977 supra
1189 3903 1502 3958 memorato
1532 3915 1722 3975 pauca
1753 3893 2135 3960 monebimus.
2218 3895 2485 3958 Produnt
2515 3898 2698 3961 verba

378 4077 452 4149 ⁸)
486 4080 866 4147 „Translatus
901 4077 1000 4132 ille
1045 4093 1111 4132 ae
1140 4076 1408 4148 repetitus
1443 4074 1505 4131 in
1533 4073 1750 4145 hymno
1793 4074 1857 4130 in
1885 4076 2094 4131 Vener.
2130 4080 2249 4136 197.
2281 4080 2432 4144 198„
2465 4074 2697 4144 copiose

519 4156 746 4202 ornatus
773 4165 804 4199 a
823 4145 1029 4216 Quinto
1052 4147 1277 4214 Smyrn.
1293 4149 1419 4199 XIII
1437 4186 1452 4209 ‚
1480 4149 1599 4198 300.
1618 4162 1716 4224 :sq-⁷
1738 4143 2015 4213 imprimis
2039 4147 2158 4200 336.
2175 4164 2262 4219 sq.
2278 4186 2295 4213 ,
2315 4155 2379 4199 ‘et
2405 4163 2438 4197 a
2457 4141 2696 4212 Virgilio
2767 4163 2770 4170 ·

517 4216 803 4285 praeclare
850 4215 911 4267 in
958 4215 1247 4268 oraculum
1296 4212 1357 4266 in
1405 4210 1566 4267 Delo
1617 4213 1801 4266 insula
1834 4212 2063 4266 Aeneae
2108 4214 2302 4270 datum
2348 4224 2694 4265 conversus:

519 4279 842 4354 Antiquam
889 4299 971 4335 σα.-
1008 4279 1184 4334 m’m‘te
1229 4290 1491 4335 matrem.
1561 4277 1685 4334 Hic
1726 4280 1932 4333 domus
1964 4280 2202 4338 Aeneae
2244 4275 2464 4336 cunctis
2501 4273 2691 4328 domi-

513 4347 763 4404 nabitur
779 4349 902 4402 oris
914 4387 937 4417 ,
1071 4348 1200 4403 nati
1222 4359 1496 4403 natorum
1522 4357 1592 4410 etr
1682 4345 1706 4399 ἱ
1729 4357 2045 4402 nascentur
2069 4349 2146 4404 ab
2173 4347 2328 4414 illis,
2359 4346 2448 4411 ΠΙ,
2475 4344 2690 4398 96³-ss-

407 4437 417 4445 ’
517 4417 589 4471 Et
620 4416 755 4472 hine
787 4433 984 4478 versus
1019 4417 1102 4492 illi
1137 4415 1505 4489 pulcherrimi
1629 4453 1650 4484 ,
1681 4415 1934 4474 446-9,
1962 4412 2290 4490 expressi-‘5
2318 4409 2412 4468 H.

2431 4519 2464 4554 κ’
