2870 4981
917 320 1326 386 Asusmos
1386 316 1652 389 mnu.
1730 279 1733 284 ’
2236 335 2237 346 ¹
2335 328 2462 394 169

171 512 382 589 Gloria,
424 529 592 592 quem
631 508 787 571 falsa
826 511 937 572 sith
985 508 1307 590 proditione
1345 507 1626 592 Pelasgi,

168 602 437 663 insontem
477 595 714 656 infando
754 594 966 656 indicio
1011 597 1148 674 qnia
1187 596 1341 657 bella
1381 600 1649 677 vetabat,

164 682 441 746 Demisere
487 679 648 757 neciz,
694 702 845 741 nunc
891 701 1122 742 cassum
1166 681 1382 742 lumine
1429 682 1664 761 lugent3
1914 675 1929 692 ⁸
2370 688 2457 754 85

162 769 246 834 llli
287 787 373 827 me
416 766 709 843 comitem,
758 776 813 826 et
856 767 1353 844 consanguinitate
1396 768 1819 848 propinquum,

163 855 375 933 Pauper
413 850 475 911 in
519 870 683 912 arma
723 860 888 932 pater
929 851 1135 930 primis
1176 852 1289 913 huc
1331 852 1491 914 misit
1537 855 1609 914 ab
1656 853 1847 918 annis.

160 1058 376 1110 Pausan.
412 1056 503 1120 X,
539 1056 625 1107 31.
673 1051 861 1107 Schol.
910 1050 1104 1122 Eurip.
1153 1051 1249 1105 Or.
1284 1050 1405 1105 432.
1459 1052 1645 1107 Schol.
1693 1053 1972 1123 Lycophr.
2004 1055 2125 1111 386.
2164 1059 2372 1127 Hyoin.
2410 1062 2452 1116 f.

156 1127 261 1178 105.
315 1123 471 1175 Serv.
522 1121 593 1173 ad
642 1118 702 1174 h.
752 1121 831 1188 l.)
902 1121 1030 1174 Fuit
1080 1129 1266 1173 autem
1318 1121 1644 1175 Palamedes
1692 1122 1947 1190 Nauplii,
1994 1125 2142 1178 renis
2190 1102 2456 1190 Euffioeao

161 1189 330 1257 filius,
383 1189 485 1262 qui
514 1191 802 1257 Ulyssem,
853 1206 928 1242 ne
975 1188 1036 1242 in
1080 1187 1296 1241 bellum
1334 1188 1645 1241 Troianum
1681 1188 1955 1260 proficisci
1991 1167 2257 1260 deheret,
2307 1199 2456 1251 mala

104 1266 110 1269 ’
155 1258 338 1312 fraude
372 1258 633 1311 insanum
680 1274 741 1311 se
776 1255 1163 1320 simulantem,
1224 1256 1342 1311 doli
1377 1256 1660 1323 convicit3
1706 1258 1860 1310 unde
1913 1259 2200 1313 exitiabile
2237 1263 2457 1331 Ulyssis

154 1325 334 1379 odium
385 1335 676 1391 exortum,
729 1326 882 1396 quod
918 1324 1229 1376 Palamedis
1283 1325 1517 1377 caedem
1564 1324 1821 1378 adduxit.
1891 1328 2118 1396 Duplex
2153 1338 2340 1383 autem
2379 1333 2455 1386 de

154 1395 385 1458 ratione,
426 1410 535 1465 qua
570 1392 893 1447 interfectus
928 1392 1125 1458 suerit,
1162 1392 1403 1445 narratio
1439 1391 1743 1445 invenitur.
1811 1393 1924 1445 Aut
1957 1395 2107 1447 enim
2147 1398 2360 1463 Ulyssis
2399 1410 2458 1455 et

150 1461 430 1514 Diomedis
465 1460 661 1514 fraude
697 1458 951 1515 sublatus
985 1459 1218 1525 dicitur,
1259 1459 1356 1533 qui
1394 1476 1555 1523 eum,
1593 1470 1654 1512 ut
1683 1460 1922 1514 thesauri
1958 1462 2260 1516 effodiendi
2286 1482 2456 1522 causa

150 1528 207 1580 in
240 1528 461 1581 foveam
508 1531 602 1581 vel
631 1536 879 1597 xputeum
929 1528 1296 1580 descenderet
1347 1527 1675 1593 inductum,
1721 1526 2005 1597 lapidibus
2044 1529 2124 1583 ibi
2161 1530 2455 1589 obruerint
2554 1593 2557 1594 ⁷

152 1596 382 1662 (DictYS.
413 1599 492 1664 Π,
532 1599 614 1651 15.
652 1594 854 1666 sqq.)3
892 1604 986 1647 aut
1020 1594 1268 1664 legitimo
1296 1594 1509 1648 iudicio
1544 1596 1739 1665 capitis
1775 1596 2066 1651 damnatus
2103 1616 2224 1652 esse
2259 1600 2451 1671 fertur,
2538 1623 2561 1636 Χ

150 1664 289 1735 quod
317 1665 379 1717 in
408 1666 532 1718 eius
558 1667 795 1717 tentorio
821 1662 1021 1715 Priami
1048 1664 1241 1715 literae
1268 1680 1397 1716 cum
1420 1678 1621 1733 magna
1642 1664 1879 1732 pecunia
1896 1703 1910 1729 ,
1938 1665 2272 1734 proditionis
2297 1685 2456 1722 mer-

148 1732 301 1797 cede,
360 1733 631 1785 inventae
668 1730 806 1796 sint,
856 1747 996 1802 quas
1031 1729 1154 1798 ipso
1189 1732 1486 1784 Palamede
1518 1731 1711 1785 nescio
1764 1741 1819 1783 et
1854 1731 2074 1786 insonte
2109 1735 2335 1801 Ulysses
2371 1736 2457 1793 ibi

145 1795 567 1853 abscondendas
589 1800 910 1854 curavisset.
970 1796 1161 1865 (Ovid.
1187 1800 1316 1851 Met.
1346 1801 1489 1863 XIII,
1518 1800 1602 1852 56.
1632 1816 1756 1871 sqq.
1793 1800 2000 1870 Hygin.
2028 1800 2069 1852 s.
2100 1805 2245 1865 105.)
2292 1806 2457 1859 Hane

144 1868 362 1919 alteram
413 1865 668 1920 tabulam
704 1868 868 1920 etiam
906 1865 1007 1919 Vir
1047 1865 1174 1918 ilius
1206 1867 1476 1939 sequitur.
1552 1865 1637 1918 Cs.
1671 1867 1875 1935 Heynii
1916 1870 2145 1932 Excurs.
2180 1871 2277 1922 IV.
2312 1871 2343 1903 ¹*
2379 1874 2456 1927 ad

145 1933 195 1985 h.
223 1936 257 1986 l.
298 1935 699 2005 imprimisque
732 1934 959 1987 libellus
1001 1880 1256 1988 doctiss:
1312 1935 1657 1988 Palamedes.
1709 1936 1829 1989 Ser.
1865 1936 1992 1989 Otto
2028 1937 2185 1990 lahn.
2238 1939 2451 1994 Hamb.

147 2003 279 2055 1336.
323 2007 378 2056 8.
418 2033 491 2045 --
548 1999 866 2058 Belides
898 2010 1158 2068 vocatur,
1210 2003 1478 2075 quoniam
1515 2002 1640 2055 avia
1677 2002 1828 2060 eius,
1883 2004 2232 2071 Amymone,
2269 2008 2455 2065 Danai

141 2067 271 2135 filia,
322 2071 452 2123 Beli
491 2070 673 2135 neptis
709 2069 829 2122 fuit.
896 2071 1347 2136 Patronymicum
1383 2080 1570 2123 autem
1619 2087 1651 2122 a
1688 2067 1830 2124 Beli
1874 2072 2105 2125 nomine
2150 2073 2455 2132 formatum

141 2139 354 2205 proprie
391 2136 674 2205 Raude-s,
724 2155 841 2191 non
875 2136 1119 2192 BeI'tdes
1153 2139 1668 2207 pronuntiandum3
1718 2139 1815 2189 sed
1857 2138 2120 2191 Priscian.
2149 2143 2228 2204 II,
2262 2147 2327 2208 7,
2365 2149 2451 2197 37.

140 2220 191 2272 p.
217 2206 332 2259 584.
372 2210 434 2258 P.
492 2206 635 2258 hanc
681 2205 918 2259 formam
968 2206 1176 2259 diserte
1221 2206 1392 2259 refert
1425 2206 1575 2258 iuter
1611 2206 1866 2273 exempla
1905 2207 2451 2279 patronymicorum,

139 2289 275 2343 quae
307 2274 690 2342 penultimam
721 2276 976 2327 vocalem
1013 2284 1202 2326 contra
1247 2277 1497 2343 regulam
1534 2274 1885 2340 producunt3
1936 2274 2248 2326 eademcue
2284 2276 2456 2334 huius

138 2342 376 2395 nominis
415 2341 717 2410 productio
766 2343 931 2394 etiam
969 2340 1119 2409 apud
1156 2340 1322 2395 Ovid.
1359 2340 1593 2394 Heroid.
1628 2342 1792 2405 XIV,
1830 2345 1915 2393 73.
1953 2341 2084 2392 Stat.
2122 2344 2142 2372 2'
2182 2341 2312 2394 heb.
2348 2346 2449 2414 VI,

140 2410 247 2463 291.
284 2410 383 2463 Sil.
415 2412 471 2473 I,
518 2411 605 2463 75.
659 2418 714 2461 et
745 2411 845 2475 111,
880 2412 1000 2463 650.
1055 2407 1371 2475 invenitur,
1427 2424 1570 2477 quos
1616 2409 1772 2461 locos
1814 2410 1884 2460 H.
1932 2416 1988 2460 et
2019 2411 2144 2460 VVr.
2198 2408 2454 2467 afferunt.

135 2506 196 2519 —
231 2481 318 2532 83.
356 2474 651 2548 „falsa
702 2476 838 2532 sub
872 2475 1368 2548 proditione,
1422 2476 1482 2530 h.
1538 2494 1589 2528 e.
1639 2473 1744 2529 sub
1794 2476 1932 2532 salso
1983 2476 2217 2530 crimine
2254 2480 2455 2548 prodi-

137 2544 325 2615 tionis,
377 2555 446 2598 ut
501 2544 651 2598 bene
687 2548 877 2612 Serv.3
933 2563 1063 2598 nam
1111 2546 1299 2598 literas
1345 2546 1466 2597 eius
1513 2544 1582 2597 ad
1618 2544 1898 2597 Priamum
1935 2544 2119 2611 datas,
2170 2549 2269 2600 sed
2322 2565 2353 2599 a
2389 2567 2454 2605 so

137 2611 314 2681 fictas,
363 2612 682 2684 protulerat
718 2615 964 2682 Ulysses.
1001 2643 1070 2655 --
1132 2611 1455 2682 Pelasgi
1503 2612 1560 2665 h.
1598 2615 1638 2664 1.
1675 2613 1910 2679 Achivi,
1963 2614 2235 2667 seriorum
2274 2617 2456 2669 Grae-

132 2698 320 2737 corum
365 2698 552 2735 more.
621 2685 763 2735 Nam
804 2685 1085 2736 Homerus
1131 2698 1419 2753 nunquam
1473 2680 1585 2734 ita:
1631 2681 1881 2751 agnoscit
1932 2681 2029 2732 ille
2069 2691 2290 2735 ‘tantum
2339 2687 2453 2737 Pe·-

133 2749 307 2820 lasgos
373 2749 439 2803 in
504 2749 797 2805 Thessalia
853 2749 1131 2803 Larissam
1198 2748 1508 2803 incolentes
1570 2750 1771 2814 (11.11,
1818 2748 1982 2815 840.)
2005 2767 2021 2799 ε
2080 2767 2245 2818 porro
2305 2751 2455 2809 inter

133 2819 510 2872 Troianorum
561 2819 742 2872 socios
785 2835 914 2871 cum
948 2816 1280 2888 Lelegibus,
1331 2815 1690 2870 Cauconibus
1742 2825 1797 2868 et
1831 2817 1954 2868 aliis
1995 2817 2097 2874 (ll.
2135 2822 2224 2883 X,
2264 2818 2450 2886 429.).

135 2884 249 2950 [Cf.
290 2894 472 2952 supra
506 2887 576 2939 ad
612 2903 668 2940 v.
697 2892 781 2939 27.
819 2886 1064 2951 adnoth]
1118 2915 1187 2926 --
1266 2884 1351 2939 84.
1389 2884 1719 2954 infando
1768 2882 2102 2949 indicio,
2168 2886 2456 2943 delatione

131 2982 195 2994 --
229 2952 436 3008 bella
502 2952 853 3022 vetabat,
909 2951 1269 3006 dissuadebat
1311 2951 1529 3006 bellum
1591 2962 1645 3005 et
1704 2952 2178 3021 oppugnationem
2225 2954 2450 3009 Troiae.

133 3020 348 3091 [Quam
395 3037 629 3076 eausam
674 3021 814 3092 fingi
867 3019 938 3074 ab
983 3020 1213 3074 homine
1247 3019 1636 3086 fraudulentO,
1685 3037 1798 3092 quo
1835 3019 2039 3072 certius
2075 3018 2454 3077 Troianorum

129 3090 339 3143 animos
371 3091 671 3143 Palamedi
722 3091 1069 3162 ideoqueet
1119 3086 1226 3141 sibi
1278 3088 1569 3154 conciliet,
1620 3105 1738 3141 non
1790 3096 1873 3140 est
1906 3103 2018 3139 «tur
2058 3086 2346 3153 doceam.]
2381 3121 2453 3135 ...-

132 3156 541 3211 demittere
584 3156 747 3212 neci
781 3159 848 3209 ad
879 3156 1319 3209 ,similitudinem
1355 3155 1581 3210 alterius
1618 3156 1863 3229 formae}
1917 3151 2212 3209 demittere
2251 3152 2447 3224 Ονω,

129 3223 379 3293 umbris,
429 3226 492 3279 h.
536 3243 585 3279 e.
622 3225 692 3278 ad
730 3224 851 3279 loca
892 3224 1099 3288 infera,
1138 3241 1211 3276 ex
1249 3222 1581 3278 Homericot
1633 3231 1708 3290 ψυ
1754 3226 1809 3284 ὰς
1846 3221 1970 3275 ‘Asin
2008 3220 2321 3287 wpoi'axpsvd‘
2356 3212 2479 3279 H.⁸

130 3292 214 3344 Sic
246 3292 430 3346 morti
465 3293 765 3347 demittere
798 3294 880 3358 V,
910 3294 1031 3351 692.
1059 3296 1147 3358 Χ,
1175 3293 1295 3345 662.
1334 3292 1483 3344 dem.
1522 3287 1671 3356 leto,
1764 3290 1834 3342 al.
1875 3291 1956 3343 Fl.
1984 3290 2112 3356 VII,
2141 3294 2260 3344 313.
2295 3294 2448 3346 dem.

129 3374 257 3413 orco
297 3360 448 3413 infra
488 3378 549 3414 v.
580 3366 697 3416 388.
735 3370 791 3414 et
822 3364 932 3426 lx,
967 3364 1087 3415 527.
1124 3362 1273 3413 dem.
1307 3356 1564 3426 umbrie,
1598 3359 1719 3412 ⁸811.
1748 3361 1799 3424 Ι,
1834 3358 1955 3411 439.
1991 3359 2105 3423 XI,
2145 3359 2258 3411 141.
2295 3361 2448 3413 dem.

127 3426 346 3496 Erebo,
391 3429 474 3482 id.
515 3433 589 3496 Π,
619 3434 733 3483 131.
770 3431 918 3482 dem.
950 3429 1032 3481 ad
1059 3444 1287 3494 manee,
1333 3427 1411 3479 id.
1447 3426 1555 3490 IV,
1590 3428 1706 3480 342.
1748 3427 1893 3478 Aen.
1918 3428 2049 3483 XII,
2086 3427 2206 3478 884.
2239 3435 2343 3480 etc.
2381 3454 2454 3467 —-

130 3498 418 3550 cassum
455 3496 738 3550 lumine
774 3497 1002 3567 antique
1042 3512 1142 3562 pro
1181 3495 1457 3562 privatum
1493 3493 1624 3547 vita.
1699 3492 1915 3549 Caseus
1950 3492 2131 3557 enim,
2184 3495 2255 3546 de
2291 3493 2454 3550 cuius

127 3562 338 3637 origine
378 3563 508 3618 vid.
540 3566 789 3618 diversas
813 3562 1140 3616 Doederlini
1172 3564 1534 3630 (Synon.111.
1570 3579 1625 3630 p.
1657 3563 1798 3626 102.)
1825 3569 1878 3613 et
1906 3560 2113 3612 Handii
2152 3562 2358 3626 (Turs.
2386 3563 2452 3613 11.

166 3668 178 3682 .
202 3637 252 3685 6.
297 3634 416 3705 sq.)
457 3632 767 3687 sententias
801 3633 932 3685 coll.
966 3647 1093 3683 cum
1131 3631 1319 3683 adnot.
1361 3647 1485 3683 mea
1520 3632 1591 3683 ad
1628 3631 1791 3683 Luor.
1817 3631 1918 3695 ΠΙ,
1954 3628 2103 3693 561.,
2141 3637 2235 3680 aut
2269 3626 2456 3697 signi-

93 3710 106 3739 ¹
162 3709 245 3752 cat
279 3700 318 3753 i.
397 3739 411 3752 .
451 3712 669 3766 vanus,
705 3699 889 3753 inanis
929 3697 1029 3766 (cf.
1067 3699 1212 3752 Aen.
1245 3701 1377 3765 ΧΠ,
1402 3701 1524 3752 780.
1560 3715 1731 3753 cassa
1762 3705 1915 3750 vota.
1966 3696 2153 3748 Lucr.
2179 3697 2267 3759 111,
2299 3697 2452 3748 1062.

126 3783 291 3821 cassa
375 3768 687 3837 omnido),
740 3778 834 3821 aut
869 3767 1122 3833 orbatuS,
1173 3766 1422 3835 privatus
1455 3765 1643 3837 aliqua
1691 3782 1772 3818 re.
1843 3762 1974 3830 (Sic
2014 3762 2296 3841 Aea-XI,
2333 3762 2452 3841 104.

125 3835 352 3896 aetloere
389 3853 639 3902 cassu-e,
684 3846 739 3890 et
763 3834 1074 3889 *Cichran
1103 3837 1221 3888 369.
1259 3830 1495 3887 lumi-nis
1528 3834 1782 3895 αιεειιε.)
1816 3860 1885 3874 --
1952 3826 2040 3882 86.
2077 3831 2209 3894 „Suc
2242 3828 2458 3885 Achilli

124 3902 378 3957 Phoenix
400 3937 421 3972 ,
459 3904 625 3957 Aiaci
660 3901 996 3958 Telamonio
1032 3905 1253 3955 Teucer
1286 3918 1476 3955 comes
1516 3902 1815 3972 (Sequi-rm,
1862 3895 2087 3969 ἑταῖρος)
2126 3898 2286 3950 datus
2329 3912 2456 3951 esso

123 3970 358 4040 legitur;
403 3981 464 4024 et
505 3973 697 4040 plures
732 3970 967 4043 singulis
1001 3967 1272 4024 heroibus
1307 3967 1488 4022 additi
1523 3966 1972 4022 memorantur.“
2016 3962 2103 4018 H.
2141 3963 2456 4044 „comitem

124 4048 188 4093 et
221 4055 521 4109 consang.
541 4039 973 4113 propinquum,
1012 4038 1051 4091 i.
1080 4056 1130 4091 e.
1160 4046 1215 4090 et
1284 4038 1504 4103 uidem,
1543 4046 1599 4089 et
1621 4036 1882 4102 insuper,
1919 4049 2099 4114 quum
2122 4043 2286 4086 ettam
2316 4049 2457 4113 pro-

123 4105 374 4185 pinquus
419 4124 632 4160 essem.
701 4106 863 4160 Haud
917 4124 1039 4160 rara
1091 4115 1222 4160 sunt
1278 4122 1410 4172 oca,
1464 4102 1563 4157 ubi
1603 4114 1659 4157 et
1671 4135 1700 4171 ,·
1751 4118 1851 4170 pro
1889 4111 2096 4169 ettam,
2146 4100 2467 4172 participiis„

121 4183 192 4228 ita
225 4175 609 4242 adiunctum,
663 4173 963 4244 significat,
1024 4174 1159 4228 alias
1193 4172 1437 4228 rationes
1470 4174 1564 4225 vel
1598 4187 1794 4225 causas
1828 4166 2104 4249 sut->essen
2126 4172 2282 4223 velut
2314 4169 2374 4222 h.
2409 4170 2454 4222 1.
2530 4234 2539 4243 ,

112 4252 582 4311 paupertatem,
632 4241 961 4297 tirocinium
1007 4240 1251 4298 iuvenis.
1319 4240 1682 4296 Praeiverunt
1731 4238 1926 4290 Graeci
1977 4238 2235 4291 sumliter
2282 4251 2460 4292 usur-
2513 4271 2518 4279 ι

122 4311 308 4375 pando
347 4313 483 4377 '‘“1'3
526 4309 876 4389 Thucydgl,
914 4315 997 4364 32.
1070 4311 1353 4382 Κερκυραῖοι
1389 4311 1441 4362 δὲ
1471 4309 1599 4389 μετὰ
1633 4309 1718 4371 τῆς
1753 4303 2050 4390 ξυμμαχίας
2080 4308 2165 4373 τῆς
2204 4298 2461 4373 «ii-bem,
2560 4378 2563 4379 γ

121 4377 202 4429 καῖ
236 4381 410 4432 ταῦτα
450 4375 760 4433 πιστειῖοντεε
793 4379 947 4449 syvorie
983 4375 1100 4445 ιῗμῖν
1144 4376 1469 4446 παρεξεσθαι,
1522 4379 1815 4426 οπέστειλαν
1847 4393 1990 4437 ημαε.
2060 4370 2267 4427 Hamb.
2307 4388 2456 4439 Sem,

123 4444 313 4529 quiet
349 4445 573 4504 omittit
584 4487 626 4519 ,ἢ
656 4448 811 4501 nulla
841 4446 900 4502 h.
941 4449 980 4501 l.
1015 4458 1100 4503 est
1131 4445 1444 4503 auctoritas.
1521 4442 1606 4499 Ut
1636 4459 1774 4500 vero
1807 4459 1911 4514 pro
1942 4451 1998 4497 et
2032 4441 2104 4497 de
2137 4441 2461 4498 coniectura
