2870 4981
245 1389 252 1396 ·
334 1319 428 1429 lde
462 1376 527 1425 R.
563 1375 625 1426 P.
657 1339 759 1437 ΪΙΙ,
813 1372 928 1424 183.
978 1366 1186 1423 cervix
1247 1365 1305 1420 T

364 303 526 398 138ι
601 261 617 277 “
1080 297 1152 362 P.
1198 293 1532 372 vfflfflLu
1576 292 1944 357 MARoms
2040 335 2057 340 -
2122 293 2129 302 Χ

356 497 448 557 Ad
492 502 546 555 te
590 483 897 572 confugio,
941 497 999 552 et
1039 485 1288 566 supplex
1336 492 1434 546 tua
1477 482 1712 545 numina
1756 504 1954 562 poseo.

355 580 566 642 Frater
607 584 671 636 ut
710 575 940 637 Aeneas
983 573 1194 654 pelago
1238 581 1368 631 tuus
1412 570 1606 631 omnia
1647 569 1865 631 circum

354 665 560 726 Litora
601 662 844 726 iactetur
887 658 1036 721 odiis
1078 654 1317 717 Iunonis
1361 655 1629 733 iniquae,

352 749 509 812 Nota
551 746 692 824 tibi,
734 753 792 806 et
832 752 1029 806 nostro
1075 740 1305 802 doluisti
1351 760 1527 818 saepe
1571 737 1789 801 dolore.

354 835 527 897 Hune
568 830 898 894 Phoenissa
938 836 1092 889 tenet
1132 826 1322 903 Dido,
1366 824 1709 903 blandisque
1753 833 2009 884 moratur
2545 823 2678 886 670

353 919 641 995 Vocibus;
688 915 744 976 et
785 935 1026 989 vereor,
1070 934 1180 993 quo
1225 930 1290 972 se
1330 909 1579 971 Iunonia
1620 916 1846 969 vertant

353 1002 661 1085 Hospitia3
702 1001 857 1062 haud
902 1006 1057 1059 tauto
1101 995 1353 1058 cessabit
1396 994 1628 1056 cardine
1671 1013 1883 1056 rerum.

357 1091 489 1166 Quo
536 1087 691 1148 circa
731 1104 937 1164 capere
983 1091 1115 1143 ante
1158 1080 1306 1143 dolis
1349 1090 1407 1141 et
1449 1080 1686 1158 cingere
1730 1078 1963 1138 flamma

354 1174 650 1253 Reginam
695 1169 969 1247 meditor,
1013 1188 1086 1229 ue
1131 1188 1242 1247 quo
1288 1186 1353 1226 se
1396 1163 1631 1228 numine
1675 1172 1881 1240 mutet,

1327 1364 1534 1435 pho'ia.
1609 1363 1738 1417 vid.
1789 1362 1954 1415 etiam
2002 1379 2170 1432 supra
2215 1364 2288 1417 ad
2337 1369 2548 1421 v.201.
2599 1368 2676 1420 ab

352 1445 564 1512 Wagn.
614 1440 824 1492 adnott.
878 1445 933 1490 et
973 1385 1474 1503 Erythraeifndex
1520 1452 1563 1488 s.
1602 1450 1658 1485 v.
1694 1463 1763 1473 -
1827 1440 2030 1506 „tua
2062 1432 2671 1512 ζιτιπιίηαροεοο,

353 1520 508 1564 tuam
564 1524 731 1577 opem
782 1513 836 1558 et
880 1504 1165 1558 auxilium
1192 1503 1464 1571 imploro,
1512 1502 1665 1573 quod
1721 1517 1820 1569 per
1858 1508 2180 1567 potentiam
2226 1510 2279 1553 et
2317 1519 2527 1560 ’iumen
2566 1505 2678 1556 de-

352 1577 596 1630 clarat.“
634 1572 723 1629 H.
797 1572 1057 1625 Ceterum
1092 1570 1165 1624 cs.
1200 1569 1484 1625 Schirach.
1522 1588 1577 1639 p.
1600 1570 1758 1635 536„
1810 1567 1907 1638 qui
1949 1568 2254 1644 admodum
2292 1568 2561 1624 acerbum
2602 1573 2677 1625 de

353 1655 471 1699 toto
535 1644 592 1697 h.
658 1645 731 1709 l.,
791 1639 993 1710 'utpote
1051 1640 1293 1693 ridiculo
1361 1647 1416 1690 et
1480 1640 1703 1691 Venere
1764 1635 2026 1700 indiono,
2092 1636 2196 1688 tert
2256 1636 2552 1692 iudicium.
2604 1671 2677 1680 --

352 1715 473 1768 667.
510 1711 809 1766 Frater.
853 1709 1062 1760 ‘Etiam
1101 1708 1249 1776 apud
1287 1703 1503 1759 Tibull.
1534 1708 1608 1770 ΙΙ,
1643 1708 1695 1771 5,
1732 1707 1816 1758 39.
1886 1677 2109 1756 1Abeneas
2141 1699 2437 1759 volitantis
2457 1709 2681 1775 frater

353 1777 598 1836 Amoris
619 1787 864 1830 vocatur.
891 1804 959 1816 —-
984 1775 1232 1829 omnin
1253 1773 1537 1829 circum
1568 1772 1861 1828 Litora.
1904 1770 1988 1823 Cs.
2015 1771 2225 1825 adnott.
2258 1774 2327 1825 ad
2358 1779 2536 1841 v.32.‚
2568 1775 2675 1836 ubi

352 1851 500 1902 adde
527 1849 589 1902 11.
618 1849 737 1899 515.
765 1846 896 1909 Vll,
924 1847 1041 1898 379.
1069 1846 1148 1895 lx
1166 1882 1180 1909 ,
1212 1843 1330 1896 584.
1356 1844 1480 1895 679.
1510 1850 1564 1894 et
1592 1840 1908 1894 Markland.
1937 1839 2007 1893 ad
2033 1840 2165 1892 Stat.
2196 1840 2335 1893 Silv.
2359 1844 2461 1908 111,
2489 1842 2678 1910 3,'21.

355 1935 389 1969 a
414 1905 641 1968 Thiel'io
674 1912 857 1978 laud.,
896 1910 991 1992 qui
1018 1911 1188 1963 simul
1211 1911 1402 1976 docet,
1438 1909 1498 1962 in
1529 1908 1641 1961 fine
1667 1906 1909 1961 maxime
1937 1924 2201 1960 versuum
2229 1926 2418 1977 praep.
2446 1910 2679 1966 circum

349 1983 436 2039 ¹sic
485 1981 743 2052 postponi
794 1997 822 2031 a
860 1978 1118 2049 Virgilio.
1154 2006 1222 2019 -
1276 1976 1611 2031 iactetur
1661 1972 1868 2031 odiis
1910 1984 2037 2028 cett.
2108 1977 2291 2043 Quum
2334 1978 2569 2046 plurimi
2621 1990 2680 2035 et

301 2111 306 2115 ¹
353 2046 827 2121 praestantissimi⁸
851 2046 1028 2102 Codd.
1067 2044 1370 2100 exhibeant
1406 2045 1799 2117 iacteturque,
1838 2046 2044 2113 WVagn.
2084 2045 2189 2112 Qu.
2230 2045 2383 2116 Virg.
2417 2048 2554 2113 XII,
2593 2054 2677 2102 13.

355 2121 430 2172 de
466 2118 524 2170 h.
558 2118 596 2168 l.
635 2116 715 2169 sio
752 2114 988 2168 iudicat:
1032 2114 1466 2235 „quamobrem
1513 2121 1607 2164 aut
1659 2112 1906 2166 traiectio
1944 2112 2264 2179 statuenda,
2319 2130 2501 2185 quum,
2535 2126 2681 2183 pr‘o-
2786 2167 2791 2170 ,

354 2186 478 2256 prie
516 2183 824 2237 dicendum
857 2192 1003 2237 esset
1027 2200 1109 2252 pc
1133 2198 1244 2251 ugo
1277 2180 1542 2254 odiisque
1575 2182 1825 2234 iactetur
1837 2198 1887 2247 ,r
1916 2181 2009 2231 aut
2056 2183 2365 2249 corruptela
2405 2181 2464 2234 in
2501 2198 2681 2250 prae-

354 2270 546 2323 gresso
583 2268 749 2306 versu
784 2253 916 2305 latet
952 2259 1005 2303 et
1040 2266 1152 2303 vox
1176 2246 1393 2330 pelago
1428 2247 1723 2316 occupavit
1758 2245 1931 2300 Verbi
1968 2245 2204 2300 alicuius
2241 2250 2460 2315 locum,
2501 2255 2680 2320 quale

346 2330 668 2393 peragret·
718 2317 826 2372 nisi
861 2316 1080 2373 circum
1123 2334 1224 2386 pro
1269 2326 1447 2371 curcei
1492 2333 1523 2368 a
1572 2314 1815 2368 librariis
1851 2313 2132 2370 invectum
2167 2316 2435 2385 suspicari
2473 2321 2680 2388 maliS,

352 2390 426 2443 cs.
467 2358 816 2441 Broucixhus.
853 2387 921 2438 ad
957 2389 1120 2455 Prop.
1153 2384 1260 2449 IV,
1299 2389 1367 2451 9,
1405 2387 1527 2450 35„
1563 2383 1652 2437 cui
1689 2381 2241 2455 obloquitur-Burin.
2278 2385 2345 2437 ad
2386 2385 2563 2438 eund.
2602 2391 2682 2455 1.;

354 2455 542 2512 tuetur
591 2464 779 2508 tamen
826 2452 1066 2507 verbum
1114 2452 1342 2509 circae-e
1373 2455 1568 2506 Herm.
1605 2452 1782 2504 Elem.
1832 2454 2007 2507 doctr.
2042 2460 2206 2504 metr.
2255 2469 2312 2522 p.
2339 2454 2460 2521 619.
2535 2457 2685 2514 Sero

355 2522 760 2588 animadverti,
808 2521 1261 2592 praetermissum
1312 2536 1434 2575 esse
1476 2539 1508 2573 a
1540 2536 1634 2573 me
1672 2519 1815 2572 Aen.
1846 2520 1923 2587 V,
1961 2523 2083 2575 853.
2150 2517 2460 2594 Nusquam
2499 2524 2681 2578 antit-

355 2591 548 2659 tebat‚
597 2588 905 2663 oculosque
953 2588 1063 2644 sub
1107 2598 1275 2642 asim
1304 2587 1571 2658 ferebat.
1641 2591 1833 2668 Itaque
1877 2587 1938 2641 hi
1984 2587 2098 2642 loci
2147 2588 2392 2642 invicem
2431 2593 2577 2644 tueri
2613 2611 2682 2648 se

397 2654 651 2724 oternn‘t,
715 2656 1017 2727 utrobique
1082 2666 1298 2711 servata
1358 2665 1414 2709 et
1472 2657 1531 2708 in
1583 2655 1857 2709 auxilium
1908 2664 2100 2711 vocata
2146 2655 2681 2731 interpunctione,“

381 2746 392 2765 ‹
450 2727 638 2778 uidem
690 2728 951 2794 copulam
1000 2723 1406 2795 negligendam*
1449 2723 1620 2791 duxi,
1670 2742 1843 2795 quam
1886 2741 2089 2779 vanam
2137 2725 2309 2777 modo
2364 2726 2435 2779 de
2488 2734 2679 2783 metro

355 2747 794 2851 sotiucitudinem
846 2791 1129 2846 invexisse
1176 2790 1315 2844 mihi
1362 2808 1691 2860 persuasum
1745 2792 1835 2845 sit.
1886 2823 1956 2834 —-
2035 2793 2349 2846 667—672.
2395 2832 2446 2861 ,‚
2469 2792 2681 2850 Nota

250 2886 256 2894 ·
354 2861 506 2918 tibi
539 2870 698 2926 sunt,
733 2871 795 2927 ut
830 2859 1055 2926 Graeci,
1098 2860 1202 2925 [cf.
1239 2863 1548 2912 Hermann.
1580 2860 1649 2912 ad
1689 2860 1882 2930 Viget.
1916 2860 2049 2917 adn.
2081 2862 2196 2914 139.
2234 2876 2289 2928 p.
2320 2865 2440 2917 739.
2472 2865 2679 2920 Matth.

355 2934 602 2984 Gramm.
642 2930 683 2996 ᾧ.
712 2929 832 2983 443.
868 2922 1118 2980 Kiihneri
1157 2929 1399 2980 Gramm.
1439 2928 1482 2995 ᾗ.
1505 2929 1626 2980 423.
1664 2930 1779 2981 not.
1829 2938 1884 2982 et
1960 2943 2072 2983 uos·
2099 2928 2160 2981 hi
2193 2929 2441 2983 laudant.
2483 2931 2683 2986 Thiel.

354 2999 525 3053 etiam
561 2997 755 3050 Monk.
794 2997 862 3049 ad
907 2997 1096 3065 Eurip.
1133 2995 1305 3092 1¹³9ss
1340 2997 1461 3052 269.
1499 2995 1739 3076 conferri
1773 2995 1933 3050 iubet
2011 3014 2146 3065 pro:
2197 3005 2394 3049 notum
2428 2996 2680 3079 tibi-est,

354 3065 834 3140 quemadmodum
883 3066 1103 3117 Aeneas
1152 3064 1219 3116 sr.
1328 3063 1417 3118 H.
1507 3066 1721 3130 „Talia
1794 3081 1901 3116 nec
1945 3065 2233 3134 pedestres
2284 3082 2315 3116 e
2363 3065 2683 3123 semoribus

277 3182 284 3195 ,
354 3130 721 3203 scriptoribus
761 3131 1144 3201 repudiarunt.
1209 3132 1352 3185 Ptin.
1389 3134 1592 3214 Paneg.
1628 3148 1676 3183 e.
1710 3131 1797 3184 44.
1832 3131 1938 3186 An
1960 3149 2163 3201 prona
2188 3149 2502 3214 parmaque
2534 3146 2685 3189 sunt

355 3203 441 3257 ad
466 3197 893 3266 aeonulandum,
921 3201 1079 3272 quod
1105 3216 1265 3254 nemo
1291 3197 1733 3255 incolumzffltem
1760 3198 2125 3268 turpitudine
2149 3201 2518 3269 rependat?“
2552 3202 2664 3262 W
2661 3241 2682 3261 .

357 3276 731 3320 -nostro
784 3265 1115 3321 doluisti
1162 3265 1466 3335 dolore,
1517 3277 1580 3321 ut
1629 3268 1779 3336 apud
1829 3270 2003 3320 Plaut.
2052 3270 2204 3321 Pers.
2234 3269 2315 3333 V,
2377 3276 2422 3322 1.
2471 3286 2528 3323 v.
2572 3273 2686 3325 ult.

357 3336 524 3391 Bene
552 3332 639 3400 οἱ,
677 3333 780 3406 qm·
806 3332 913 3387 hoc
928 3334 1155 3403 gau-dio
1178 3336 1422 3404 gaudet.
1498 3334 1582 3388 Cf.
1609 3335 1874 3394 Buddim.
1898 3337 1961 3387 11.
1989 3351 2044 3404 p.
2075 3338 2188 3389 158.
2215 3364 2285 3375 -
2350 3338 2474 3391 670.
2504 3339 2687 3404 „Ad-

357 3400 681 3456 nmbratum
746 3409 941 3468 putant
998 3419 1068 3453 ex
1133 3402 1282 3455 notis
1331 3419 1508 3457 verss.
1558 3398 1761 3470 Odyss.
1808 3405 1865 3468 Ι,
1913 3404 2217 3469 55—58.,
2292 3402 2392 3457 ubi
2443 3408 2689 3474 Ulysses

356 3469 618 3525 similiter
650 3486 682 3521 a
715 3467 957 3536 Calypso
992 3468 1276 3520 retinetur.
1297 3468 1340 3499 ‘⁶
1374 3469 1460 3524 H.
1503 3501 1571 3511 -
1638 3474 1758 3524 670.
1796 3469 1937 3538 „H
1947 3486 2087 3524 unc
2120 3472 2326 3541 Wagn.
2364 3474 2472 3542 Qu.
2520 3475 2693 3547 Virg.

356 3542 503 3605 XX,
541 3539 602 3604 6,
638 3554 690 3589 a.
745 3536 986 3604 explicat
1033 3552 1160 3589 eum
1208 3553 1399 3603 nunc,
1449 3546 1512 3590 ut
1561 3536 1657 3592 hic
1701 3538 1772 3592 de
1806 3548 2058 3607 tempore
2095 3537 2526 3618 intelligendum
2569 3543 2688 3610 sit,

399 3604 838 3659 uemadmodum
900 3602 1043 3656 infra
1092 3620 1148 3656 v.
1189 3608 1307 3657 732.
1353 3605 1461 3671 IV,
1508 3606 1594 3658 47.
1653 3610 1740 3669 X,
1788 3609 1909 3661 629.
1961 3603 2117 3658 alibi.
2199 3607 2290 3659 Au
2340 3617 2438 3661 not
2485 3608 2688 3667 Codd.

419 3690 567 3742 unc,
630 3672 783 3745 quod
832 3671 1061 3724 Wakef.
1109 3671 1401 3741 praetulit3
1458 3674 1557 3726 sed
1607 3674 1868 3728 meliores
1916 3671 2047 3726 libri
2093 3690 2223 3727 cum
2332 3676 2481 3729 edic.
2537 3682 2691 3732 vul-

356 3757 546 3812 garem
579 3740 881 3794 lectionem
915 3739 1199 3793 tuentur.“
1232 3767 1300 3779 --
1366 3743 1488 3794 671.
1527 3743 1648 3796 672.
1688 3740 1975 3808 „Sollicita
2009 3751 2094 3795 est
2126 3742 2322 3796 Venus
2361 3753 2418 3796 et
2451 3747 2692 3813 metuit,

355 3827 433 3871 ne
471 3808 777 3879 hospitium
813 3807 921 3861 hoc
959 3807 1180 3859 Aeneae
1227 3806 1287 3859 in
1320 3809 1554 3867 Iunonia
1605 3806 1746 3863 urbe
1797 3809 1867 3862 ad
1918 3808 2040 3863 eius
2075 3808 2521 3866 ex-itium.vertat
2559 3815 2693 3881 (cf.

355 3879 465 3942 1V,
501 3878 588 3932 96.
625 3876 766 3941 etc.)
801 3874 1029 3928 Iunonis
1064 3873 1125 3927 in
1159 3875 1406 3927 Aeneam
1443 3876 1609 3931 odiis.
1676 3886 1888 3932 tanto
1922 3877 2244 3943 cardine
2275 3896 2564 3949 rer-um,
2626 3883 2696 3936 in

355 3943 623 4011 articulo,
675 3943 854 4009 ἀκμῇ,
900 3942 960 3996 in
997 3950 1150 3997 tauto
1182 3959 1370 3996 rerum
1405 3952 1728 4012 momente,
1779 3945 1916 3997 dum
1950 3961 2039 3997 res
2078 3961 2297 3998 summa
2331 3947 2548 4016 agitur,
2610 3968 2695 4003 an

356 4010 591 4065 Troiani
625 4010 697 4065 ab
731 4011 885 4064 Italia
924 4009 1190 4083 fatalique
1223 4026 1398 4090 regno
1439 4011 1613 4065 averti
1649 4012 1897 4082 possint,
1951 4011 2077 4078 illa,
2122 4028 2200 4066 sc.
2240 4015 2416 4081 Iuno,
2477 4016 2697 4089 [quod

356 4075 673 4132 subiectum
706 4077 1017 4134 sententiae
1052 4096 1123 4131 ex
1160 4076 1350 4133 verbis
1382 4078 1638 4135 Iunonia
1670 4078 1744 4135 Ιιο
1815 4078 1958 4148 itia,
1998 4081 2036 4133 i.
2067 4097 2116 4132 e.
2153 4079 2397 4150 hospitia
2442 4082 2506 4136 in
2533 4085 2698 4138 urbe

355 4145 620 4213 Iunonis,
671 4145 1096 4215 supplendum]
1162 4163 1279 4200 non
1336 4146 1581 4202 cessabit
1683 4164 1744 4201 se
1847 4164 2025 4204 novas
2085 4149 2356 4203 'adversus
2418 4151 2699 4207 Aeneam

357 4210 650 4271 machinas
707 4212 953 4283 parabit,
1015 4212 1224 4286 quibus
1281 4231 1418 4267 eum
1472 4233 1573 4285 per
1615 4223 1686 4268 at.
1711 4215 1747 4243 “
1816 4215 1904 4270 H.
1957 4245 2027 4256 —
2107 4217 2231 4270 673.
2274 4255 2326 4284 ,,
2350 4216 2488 4273 Cin
2551 4238 2699 4277 erc

335 4277 712 4350 ·flamma‚·
746 4290 810 4335 ut
842 4286 918 4349 X,
950 4286 1066 4338 119.
1099 4280 1324 4337 moenia
1354 4281 1588 4353 cingere
1607 4282 1886 4350 flcunmr‘s.
1960 4283 2052 4337 Sic
2077 4282 2324 4350 flamma
2355 4284 2492 4341 ἰηυο
2520 4305 2697 4357 veo-e,

317 4662 343 4693 δ

353 4344 742 4404 circumdare.
793 4349 851 4402 h.
902 4352 942 4402 1.
996 4367 1218 4416 amore,
1269 4359 1331 4402 ut
1374 4367 1573 4405 amore
1619 4350 1870 4418 irretiti,
1925 4349 2231 4425 illaqueati
2286 4361 2577 4407 tenentur.
2622 4348 2719 4397 --“

354 4431 449 4470 ne
485 4424 626 4490 quo
659 4428 734 4471 se
769 4415 1065 4474 numine
1100 4427 1366 4475 macter.-
1400 4435 1475 4483 ne
1510 4419 1741 4476 lunonis
1774 4420 2186 4477 machinatione
2224 4419 2417 4494 aliqua
2452 4422 2709 4483 animus

2754 4284 2773 4319 b

2765 4530 2791 4554 δ
