2870 4981
843 71 910 127 γ
1166 28 2104 374 &uenatu

419 323 542 389 150
1136 317 1210 380 Ρ.
1251 314 1582 381 vinoun
1628 313 1993 425 nauoms
2134 275 2138 282 ”
2358 359 2364 366 ,
2501 256 2516 274 ’

376 521 391 531 “
419 513 574 574 Tum
616 510 803 571 Bitiae
844 507 996 574 dedit
1040 505 1417 585 increpitans,
1500 504 1606 567 Ille
1649 504 1898 587 impiger
1938 504 2136 567 hausit
2192 581 2199 584 =

418 598 791 677 Spumantem
835 603 1125 672 pateram,
1172 600 1229 651 et
1270 591 1440 669 pleno
1488 612 1554 653 se
1599 589 1814 670 proluit
1858 610 2037 670 aur03

416 682 559 743 Post
603 680 704 740 alii
748 697 1031 759 proceres.
1119 674 1360 737 Cithara
1402 676 1644 738 crinitus
1687 678 1859 756 Iopas
1916 705 1921 706 ff
2045 709 2069 741 o
2594 675 2712 740 740

417 766 699 828 Personat
739 772 971 840 aurata,
1024 760 1218 822 docuit
1257 782 1429 842 quem
1468 761 1757 838 maximus
1802 761 1992 825 AtlaS.

418 995 631 1039 tenus
680 977 966 1049 adtigit
1012 996 1177 1048 ore,
1230 973 1426 1050 primis
1476 976 1640 1032 labiis
1693 976 2036 1049 degustavit,
2069 985 2164 1051 ‚¹3¹³
2215 975 2381 1030 decet
2417 976 2705 1049 seminam,

416 1052 690 1120 imprimis
727 1067 795 1101 ex
832 1047 1187 1118 antiquorum
1223 1047 1504 1102 sentiendi
1539 1048 1770 1099 ratione.
1810 1075 1878 1084 —
1913 1038 2216 1120 „wqoq'mvsv
2251 1045 2349 1097 illa
2385 1056 2437 1097 et
2473 1049 2707 1117 dedit,

460 1115 763 1183 ropiuavit,
800 1115 999 1168 iterum
1025 1117 1298 1183 repletum
1328 1113 1584 1185 praeberi
1613 1114 1802 1179 iussit,
1839 1111 2357 1182 increpitatur,
2390 1114 2582 1184 simpl.
2607 1119 2712 1169 ad-

415 1138 672 1249 iici-tans,
711 1183 1085 1247 invi'tans,“ut
1121 1192 1174 1235 et
1209 1183 1331 1251 ipse
1365 1181 1615 1247 biberet3
1668 1182 1752 1234 nil
1785 1179 2044 1249 amplius.
2115 1179 2207 1233 Sic
2241 1190 2296 1233 et
2329 1182 2452 1235 aliis
2491 1182 2547 1234 in
2581 1185 2712 1238 locis

415 1252 622 1319 exponi
676 1260 875 1319 potest.
945 1249 1292 1320 obiurgandi
1342 1250 1433 1312 hic
1473 1267 1576 1304 nec
1611 1253 1799 1316 locus,
1849 1265 1965 1300 nec¹
1991 1248 2196 1317 dignus
2233 1250 2326 1300 vel
2361 1250 2586 1319 reginae
2625 1255 2712 1305 vel

416 1320 558 1390 epici
601 1320 795 1388 poetae
831 1327 1073 1387 persona
1107 1319 1228 1372 talis
1264 1334 1607 1383 sarcasmus;
1655 1327 1717 1370 ut
1750 1334 1856 1369 nec
1893 1318 2031 1368 illud
2069 1334 2140 1367 ex
2176 1317 2371 1385 poetae
2406 1328 2591 1370 mente
2622 1319 2708 1387 fit,

458 1388 567 1439 uod
618 1387 798 1440 Didus
842 1385 1242 1440 verecundiam
1290 1386 1349 1439 in
1403 1384 1686 1451 bibendo,
1749 1385 1924 1437 Bitiae
1971 1383 2322 1449 aviditatem,
2379 1387 2709 1453 praedicant.

468 1455 615 1507 liena
662 1454 799 1507 haec
844 1471 878 1506 a
918 1456 1044 1507 loco
1092 1462 1145 1506 et
1192 1454 1428 1508 consilio
1479 1454 1673 1522 poetae
1723 1452 1930 1505 omnia.
1999 1452 2227 1504 Recedit
2273 1470 2305 1504 a
2339 1455 2496 1506 more
2531 1456 2711 1514 nostro

414 1540 504 1578 res
541 1522 702 1575 etiam
733 1521 791 1573 in
820 1539 920 1586 eo,
959 1521 1118 1593 quod·
1150 1540 1264 1575 non
1290 1522 1518 1574 Aeneae
1547 1521 1753 1588 hospiti
1787 1539 1818 1572 a
1856 1520 2045 1572 reina
2085 1520 2383 1588 praebetur
2419 1525 2710 1589 poculum3

413 1608 545 1644 nam
579 1591 640 1642 iu
668 1591 938 1642 honorem
966 1588 1086 1642 eius
1112 1591 1387 1643 'adventus
1414 1590 1521 1641 diis
1547 1587 1770 1641 libatur.
1801 1618 1868 1628 --
1977 1586 2165 1640 idias
2193 1588 2462 1641 Punicum
2495 1607 2710 1658 nomen,

417 1658 569 1731 quod
609 1666 662 1710 et
692 1656 830 1720 ,alibi
870 1656 1125 1710 occurrit.
1200 1657 1372 1723 [Vid.
1403 1656 1546 1712 infra
1582 1660 1690 1722 lx,
1726 1659 1846 1710 672.
1881 1660 2000 1708 703.
2038 1658 2146 1721 XI,
2185 1659 2303 1726 396.
2341 1665 2396 1707 et
2428 1657 2710 1711 Dralzenb.

418 1728 487 1779 ad
534 1713 629 1778 Si.
658 1729 733 1791 11,
770 1727 887 1780 409.
926 1734 980 1777 et
1014 1725 1158 1789 733.]
1194 1753 1263 1766 --
1330 1728 1449 1779 739.
1476 1721 1705 1793 pleno
1743 1740 1930 1778 auro
1964 1740 2038 1776 se
2063 1722 2413 1792 proluit,
2453 1730 2713 1790 poculum

416 1794 538 1849 vini
586 1811 619 1861 p
647 1810 813 1852 enum
850 1792 1061 1858 hausit,
1111 1792 1264 1864 quod
1314 1801 1526 1845 tantum
1580 1790 1751 1845 labris
1796 1790 2045 1859 attigerat
2079 1790 2258 1855 Did03
2299 1790 2581 1872 proluere
2613 1812 2704 1862 se,

415 1864 635 1932 gulam,
690 1860 898 1912 dictum
935 1868 1096 1927 puta,
1148 1869 1207 1912 ut
1252 1858 1383 1913 vino
1430 1859 1755 1929 perfundi,
1804 1862 2072 1926 madere,
2119 1858 2477 1927 -tingmfde
2516 1860 2745 1929 ebrii33,

463 1946 562 1980 uae
613 1927 797 1996 emnia
848 1927 1065 1980 notiora
1113 1937 1256 1981 sunt.
1327 1926 1529 1981 Multa
1569 1925 1846 1993 prolutus
1899 1944 2094 1995 vappa
2124 1926 2309 1995 ,etiam
2352 1930 2491 1980 Hor.
2540 1930 2708 1982 Serm.

458 2034 473 2062 ,
516 1998 578 2062 5,
602 1997 755 2048 ’16.“
793 1994 886 2049 H:
952 1996 1076 2063 VVr.
1127 1996 1411 2065 aptissime
1449 1996 1665 2047 coul'e‘rt
1697 1993 1884 2061 Copae
1917 2010 1973 2047 v.
2004 1996 2089 2047 29.
2159 1993 2398 2065 Aestivo
2436 1996 2712 2051 recubans

414 2072 473 2117 te
551 2062 713 2117 rol-ue
745 2062 917 2116 vitro.
989 2062 1154 2114 Adde
1189 2066 1326 2116 Hor.
1364 2064 1475 2115 Sat.
1503 2064 1573 2127 Il,
1607 2062 1659 2128 4,
1696 2068 1780 2113 27.
1808 2060 2168 2127 praecordia
2204 2060 2388 2115 mulso
2414 2063 2710 2131 prolueris

416 2147 503 2184 me
530 2130 657 2198 ius,
700 2140 753 2183 et
786 2134 940 2183 Pers.
972 2132 1117 2182 Prol.
1152 2137 1191 2181 1.
1219 2134 1393 2199 fonte
1427 2128 1601 2182 labra
1677 2127 1833 2183 volui
1863 2127 2188 2195 caballin03
2243 2130 2312 2180 de
2349 2147 2501 2183 (turo
2537 2141 2712 2185 autem

416 2213 522 2279 pro
574 2201 783 2267 poculo.
821 2215 989 2250 aureo
1036 2199 1167 2249 Stat.
1203 2196 1387 2250 Theb.
1419 2198 1525 2258 IV,
1568 2200 1629 2249 18
1667 2235 1680 2249 .
1729 2206 2088 2267 vacuantque
2124 2198 2434 2264 profundo
2484 2199 2712 2253 Aurum

416 2282 660 2319 emmane
685 2283 838 2319 mero
854 2304 874 2334 ,
916 2275 968 2316 et
995 2267 1181 2318 Burni.
1214 2266 1283 2317 ad
1316 2267 1440 2317 Val.
1470 2266 1552 2316 Fl.
1584 2267 1624 2329 Ι,
1660 2265 1774 2317 148.
1812 2266 1939 2317 coll.
1978 2264 2167 2315 adnot.
2200 2274 2383 2316 nostra
2413 2266 2481 2316 ad
2520 2284 2575 2317 ν.
2601 2271 2708 2322 593.

416 2332 587 2390 huius
612 2333 762 2386 libri.
795 2363 861 2373 -—
928 2333 1045 2385 740.
1077 2334 1206 2399 „Ad
1236 2331 1472 2385 Homeri
1503 2330 1887 2396 imitationem,
1916 2330 2188 2398 imprimis
2216 2332 2322 2383 Od.
2354 2334 2491 2398 VIII,
2520 2336 2604 2385 62.
2631 2352 2712 2406 sq.

415 2399 672 2454 Hernicis
721 2398 1066 2468 temporibus
1111 2418 1333 2470 semper
1377 2400 1531 2460 ἀοιδὸς
1566 2398 1895 2463 conviviis,
1923 2415 2066 2471 quae
2114 2398 2230 2449 sere
2264 2416 2393 2450 cum
2429 2418 2490 2452 re
2531 2401 2712 2455 divina

417 2478 575 2521 erant
609 2468 935 2534 coniuncta,
970 2468 1178 2522 aderat.
1248 2466 1332 2521 cf.
1371 2466 1605 2538 Quintil.
1635 2470 1675 2534 1,
1717 2470 1796 2532 10,
1836 2469 1917 2518 10.
1953 2492 2018 2504 -·
2055 2464 2422 2521 crinitus:
2463 2470 2709 2537 proprius

416 2535 467 2587 is
514 2535 960 2590 citharoedorum
1011 2535 1264 2602 habitus,
1334 2553 1552 2589 comam
1599 2537 1776 2599 alere3
1839 2534 2066 2588 sortasse
2111 2535 2392 2603 Apollinis
2441 2541 2711 2606 exemplo.

424 2602 525 2668 [In
577 2604 758 2656 Ennii.
796 2613 944 2655 certe
997 2604 1191 2672 fragm.
1239 2620 1329 2670 ap.
1367 2602 1482 2654 Cic.
1521 2603 1696 2655 Acad.
1743 2619 1828 2670 pr.
1857 2606 1913 2668 I,
1951 2605 2045 2667 28,
2082 2605 2168 2655 89.
2196 2601 2465 2665 ,minitas
2504 2604 2710 2672 Apollo

419 2671 937 2736 commemoratur.]
1012 2670 1354 2730 Traduxisse
1405 2681 1595 2722 tamen
1643 2688 1715 2722 ex
1759 2669 1873 2722 suis
1920 2667 2263 2739 temporibus
2302 2672 2370 2721 ad
2409 2681 2594 2724 vetera
2627 2673 2713 2726 vi-

422 2736 586 2790 detur
626 2737 911 2807 Virgilius.
964 2747 1379 2806 personat,
1438 2737 1585 2790 canit
1617 2738 1867 2803 cithara,
1892 2737 2041 2801 [alia
2076 2735 2510 2808 significatione,
2552 2757 2714 2811 quam

420 2822 534 2879 qua
571 2804 770 2875 legitur
801 2804 912 2858 hoc
948 2822 1072 2858 voc.
1108 2806 1252 2860 Aen.
1279 2806 1391 2873 VI,
1433 2810 1552 2858 171.
1589 2806 1708 2858 418.
1746 2813 1800 2857 et
1838 2804 2009 2869 alibi]
2048 2823 2140 2871 ea,
2197 2823 2386 2879 quae
2422 2807 2708 2876 docuit,

420 2871 700 2926 cecinerat
736 2872 914 2942 prior,
950 2875 1124 2927 Atlas.
1194 2874 1285 2926 Sic
1319 2874 1501 2941 poetis
1533 2889 1781 2940 sonare,
1824 2872 1974 2937 [vid.
2011 2873 2220 2926 adtrott.
2260 2873 2327 2924 ad
2364 2876 2481 2935 Ecl.
2516 2875 2578 2939 V,
2606 2876 2713 2940 644

423 2947 480 2992 et
527 2941 767 3008 docere,
818 2941 1126 2994 διδάσκειν.“
1162 2940 1248 2997 Η.
1326 2942 1464 3007 [Pro
1511 2958 1661 3020 quae
1700 2943 1885 3009 plures
1923 2939 2131 3004 Codd.,
2179 2939 2238 2993 in
2276 2940 2484 3011 quibus
2517 2942 2713 2995 Medic.

422 3015 480 3058 et
514 3009 706 3074 Rom.,
756 3026 992 3081 quem,
1046 3010 1197 3085 quod
1237 3027 1268 3062 a
1307 3009 1536 3063 Wakel.
1572 3008 1868 3060 defensum
1904 3007 2050 3060 Silv:
2079 3007 2196 3061 crit.
2224 3011 2320 3059 IV.
2364 3026 2418 3077 p.
2451 3013 2533 3063 36.
2571 3020 2619 3062 et
2657 3010 2715 3062 in
2790 3026 2794 3035 ’

421 3084 746 3127 contextum
794 3086 1109 3146 receptum,
1179 3076 1343 3132 etiam
1388 3076 1545 3129 Iahn.
1598 3076 1803 3142 edidit,
1865 3085 1918 3128 et
1964 3086 2111 3129 recte
2163 3076 2425 3154 quidem,
2491 3078 2534 3131 si
2581 3079 2715 3148 quid

381 3158 394 3165 “
421 3141 609 3193 video.
680 3145 817 3198 Nam
859 3163 1078 3211 nova,
1132 3163 1276 3218 quae
1310 3145 1508 3213 incipit
1543 3156 1709 3196 versu
1736 3162 1929 3214 sequ„
1962 3152 2239 3197 *sententia
2277 3144 2347 3195 de
2383 3146 2717 3214 argumentis

423 3208 734 3261 carminum
788 3211 926 3264 mira
960 3213 1175 3267 ratione
1219 3213 1479 3266 adiuncta
1512 3212 1697 3266 videri
1728 3210 1924 3278 debet,
1976 3211 2023 3264 si
2066 3212 2177 3263 iam
2214 3220 2375 3263 antea
2413 3212 2715 3282 argumenti

422 3274 517 3351 *v-el
569 3292 683 3328 uno
730 3277 905 3331 verbo
955 3282 1165 3334 mentio
1210 3280 1351 3334 sacta
1402 3289 1503 3334 est.
1573 3281 1733 3344 Quod
1783 3287 1967 3331 autem
2017 3281 2257 3348 Wagn.,
2308 3282 2587 3349 vulgatam
2619 3298 2717 3332 re-

423 3348 639 3404 tinens,
678 3345 941 3412 opponit,
985 3346 1079 3398 illa
1111 3346 1286 3402 verba
1311 3348 1490 3416 Iopas
1512 3346 1739 3401 eithara
1761 3357 2044 3414 personat
2068 3345 2312 3416 flagitare
2345 3349 2715 3401 accusativum

422 3405 631 3462 obiecti
674 3427 743 3463 ea
762 3448 784 3476 ‚
838 3429 987 3484 quae
1020 3413 1253 3483 docuit,
1303 3416 1411 3468 hoc
1462 3415 1601 3468 iusta
1637 3431 1803 3468 causa
1840 3414 2162 3467 destitutum
2202 3415 2445 3468 videtur.
2514 3415 2721 3484 Quidni

422 3475 577 3528 enim
613 3479 808 3546 poetae
832 3480 1195 3548 personandi
1231 3499 1429 3535 vocem
1466 3480 1718 3536 absolute
1751 3499 2018 3548 usurpare
2052 3482 2311 3534 licuerit?
2349 3501 2515 3556 quam
2551 3482 2723 3537 simili

423 3553 574 3597 certe
608 3546 821 3598 ratione
869 3558 1187 3614 usurpatam
1233 3549 1494 3603 videmus
1553 3567 1640 3618 ap.
1681 3554 1814 3603 Tac.
1850 3551 2000 3602 Anu.
2030 3550 2191 3616 XVI,
2228 3551 2279 3601 4.
2319 3550 2492 3619 plebs
2513 3566 2719 3620 perso-

422 3610 604 3667 nabat
662 3613 1071 3668 cent-ismaelis
1111 3614 1446 3688 plausuque
1493 3617 1822 3687 composito.
1907 3618 2087 3685 Quare
2154 3617 2493 3685 optimorum
2541 3617 2721 3670 Codd.

425 3681 798 3733 auctoritatem
836 3701 950 3736 non
984 3685 1377 3755 necligendam
1407 3684 1690 3737 duximus.
1763 3684 2022 3737 Ceterum
2060 3686 2129 3737 de
2164 3684 2340 3740 verbo
2362 3683 2723 3754 persananda·

422 3746 613 3801 Burm.
650 3768 749 3803 sua
783 3752 864 3807 ad¹
891 3750 1009 3805 Val.
1046 3727 1128 3807 131.
1161 3752 1222 3818 V,
1252 3755 1373 3807 691.
1410 3761 1466 3804 et
1501 3753 1734 3804 Phaedr.
1763 3754 1848 3818 ΠΙ,
1891 3755 1972 3805 16.
2009 3752 2247 3806 conferri
2286 3752 2486 3819 iubet]
2510 3802 2524 3820 ,
2557 3752 2722 3819 Quod

327 3866 332 3871 ,
424 3813 706 3870 Atlantem
754 3827 946 3872 cautus
993 3819 1315 3890 magistrum
1365 3819 1529 3885 facit,
1585 3818 1829 3872 fabulam
1879 3820 2113 3874 alicuius
2165 3821 2359 3888 poetae
2398 3821 2588 3875 Graeci
2624 3837 2723 3873 re-

430 3880 609 3948 dolet,
665 3886 746 3938 uti
800 3887 970 3954 illud,
1024 3889 1176 3960 quod
1213 3890 1329 3940 Ecl.
1360 3889 1456 3939 VI.
1530 3887 1750 3940 Silenus
1789 3886 2018 3955 phys’oea
2054 3888 2235 3942 docet.
2307 3888 2517 3940 Atlanti
2555 3889 2724 3955 vulgo

426 3947 631 4004 tributa
676 3952 925 4007 siderum
969 3956 1163 4008 notitia
1213 3973 1244 4008 a
1311 3955 1544 4023 sphaera
1580 3952 1982 4009 inventa-..CR
2019 3958 2201 4024 Intpp.
2241 3956 2410 4009 Ovid.
2456 3958 2581 4006 Met.
2610 3956 2723 4020 lv,

429 4015 549 4067 631.
605 4031 706 4076 etc.
760 4021 923 4076 Obss.
974 4025 1044 4075 ad
1095 3972 1359 4091 Apolfod.
1406 4040 1461 4091 p.
1498 4029 1616 4076 27¹.
1699 4023 1854 4074 Idem
1904 4021 2051 4075 inter
2099 4024 2310 4093 primos
2360 4022 2726 4092 philosophos

425 4098 743 4142 recensetur
791 4108 822 4142 a
870 4091 1122 4161 Diogene
1169 4092 1347 4144 Laert.
1396 4090 1456 4145 in
1505 4107 1787 4155 prooem.;
1838 4107 2182 4163 quamquam*
2226 4092 2365 4144 haec
2418 4090 2605 4153 omnia
2650 4089 2729 4142 ad

430 4151 611 4204 solum
646 4158 1015 4211 astronomiae
1050 4157 1292 4211 studium
1329 4158 1521 4211 referri
1558 4166 1806 4225 possunt.
1880 4159 2065 4227 Quum
2104 4162 2260 4227 lopas
2297 4158 2536 4226 Tyrius,
2574 4172 2730 4210 nunc

428 4219 675 4286 Poenus,
716 4224 1067 4279 citharoedus
1104 4225 1458 4280 inducendus
1495 4233 1637 4278 esset
1665 4242 1694 4275 a
1730 4225 1922 4293 poeta,
1964 4236 2120 4279 acute
2150 4229 2493 4279 Atlanteme
2526 4224 2733 4278 vicinis

428 4285 801 4343 Mauretaniae
837 4294 1126 4347 montibus
1160 4304 1440 4348 auctorem
1475 4292 1785 4346 carminum
1812 4334 1827 4361 ,
1884 4311 2028 4364 quae
2064 4294 2288 4357 cecinit,
2330 4295 2380 4346 ei
2423 4292 2728 4346 arcessivit.

381 4386 386 4391 -
428 4353 799 4410 maximus
832 4359 1126 4417 Atlas:
1168 4361 1353 4431 simpl.
1403 4379 1506 4429 pro
1555 4360 1821 4431 magnus,
1880 4371 1941 4413 ut
1987 4362 2247 4416 maxima
2280 4361 2451 4415 Imm.
2521 4365 2732 4412 Iterum

407 4418 578 4495 Ἀθη.
625 4423 743 4487 vlu
759 4465 775 4491 ,
827 4431 942 4483 136.
994 4429 1288 4485 maximus
1336 4428 1555 4497 Atlas,
1606 4458 1673 4470 -
1720 4427 2006 4485 aetherios
2056 4428 2291 4485 kvtmero
2339 4429 2442 4504 qui
2487 4426 2734 4483 sustinet

589 4618 619 4628 ο
