2870 4981
1568 166 1579 191 Ι

361 257 501 394 ,uo
813 323 816 328 ·
929 405 934 414 ι
1096 314 1542 389 P..V1RG1L·n
1586 313 1956 379 mnoms

372 515 844 593 Exanimumque
886 531 1028 590 auro
1071 529 1281 587 corpus
1325 506 1613 568 vendebat
1656 501 1936 568 Achillem

374 604 531 663 Tum
573 622 707 663 vero
750 593 1046 677 ingenteni
1090 593 1367 675 gemitum
1413 594 1510 652 dat
1550 600 1779 670 pectore
1822 590 1898 649 ab
1944 586 2096 664 imo,
2557 579 2694 650 485

373 688 456 749 Ut
501 686 726 768 spolia,
768 692 835 744 ut
877 700 1117 758 currum,
1171 689 1341 758 utque
1383 677 1574 757 ipsum
1616 695 1826 754 corpus
1871 672 2044 734 amici

373 773 841 847 Tendentemque
887 786 1093 826 manus
1138 763 1434 825 Priamum
1487 758 1790 840 conspexit
1831 757 2095 822 inermis-

379 858 461 919 Se
504 874 726 934 qnoque
769 850 1127 932 principibus
1169 846 1519 929 permixtum
1561 844 1802 924 agnovit
1844 842 2086 905 Achivis
2106 889 2124 920 ,

373 943 649 1019 ansque
694 938 849 998 acies
895 945 950 996 ct
992 933 1153 1015 nigri
1190 930 1524 1003 Memnonis
1568 950 1754 993 arina.

377 1127 443 1182 in
486 1130 821 1191 conspectu,
886 1106 1127 1171 adducta
1173 1131 1205 1169 a
1247 1112 1470 1168 Priamo
1512 1109 1836 1166 redimendi
1883 1111 2132 1181 corporis
2162 1109 2389 1181 pretia,
2457 1107 2698 1184 ἄτερεῖσι*

378 1192 555 1249 ἄποινα
592 1193 693 1254 (-—
721 1189 913 1260 χρυσοῦ
964 1187 1032 1237 δῖ
1062 1179 1246 1243 errice<
1283 1181 1450 1253 ἔφερεν
1484 1184 1601 1234 δέκα
1633 1182 1794 1232 πάντα
1827 1182 2047 1232 τάλαντα
2077 1180 2229 1245 232.,
2279 1181 2435 1234 unde
2473 1197 2532 1233 V.
2572 1183 2698 1238 484.

382 1275 571 1317 auro
623 1270 907 1326 corpus
952 1250 1332 1306 vendebat
1365 1246 1830 1313 Achilles)“
1862 1248 1949 1302 H.
1989 1278 2058 1288 --
2123 1246 2243 1302 485.
2281 1253 2443 1315 „Per
2480 1265 2539 1300 v.
2567 1250 2693 1305 483.

378 1330 531 1384 viam
594 1324 755 1398 quasi
819 1320 928 1375 sibi
980 1320 1159 1399 aperit
1215 1319 1286 1371 ad
1337 1334 1548 1371 novum
1608 1317 1717 1369 hoc
1779 1325 2204 1386 argumentum,
2272 1334 2388 1388 quo
2437 1316 2696 1374 Priamus

377 1394 639 1452 Hectoris
674 1389 1194 1461 corpus-redimens
1238 1393 1698 1455 repraesentatur.
1765 1385 1903 1437 Inde
1939 1383 2050 1437 iam
2084 1383 2160 1437 ita
2194 1384 2445 1453 procedit
2477 1386 2696 1460 oratioj

379 1468 528 1519 Hoc
562 1492 629 1504 --
665 1477 765 1529 per
808 1456 1028 1528 singula
1075 1454 1263 1508 eundo
1306 1460 1706 1506 commemorat
1749 1452 1957 1521 spolia,
2011 1469 2237 1518 currus,
2284 1462 2469 1507 cetera
2504 1479 2576 1493 -
2623 1462 2700 1508 ut

379 1530 583 1588 vidit
616 1528 931 1582 Aeneas:
982 1533 1128 1577 tum
1165 1539 1341 1575 vero
1378 1520 1767 1588 ingemit.“
1815 1519 1964 1580 Wr.
2001 1547 2072 1562 -—-—
2109 1519 2463 1591 gemitum
2500 1523 2715 1578 dare'

379 1597 529 1655 redit
562 1594 804 1663 metaph.
841 1593 1053 1645 dictum
1094 1593 1158 1657 Π,
1185 1594 1269 1643 53.
1298 1587 1573 1658 gemitum
1606 1588 1821 1652 dedere
1846 1604 2147 1642 cavernae.
2220 1588 2455 1659 Saepius
2489 1590 2703 1661 legitur

373 1664 649 1739 gemitum
697 1664 898 1725 edere,
947 1661 1102 1713 velut
1137 1658 1304 1711 ovid.
1341 1659 1474 1709 Her.
1506 1660 1615 1722 XI,
1652 1659 1738 1710 51.
1786 1656 1919 1708 Met.
1948 1658 2023 1723 11,
2066 1658 2187 1717 623.
2224 1667 2353 1712 cett.
2390 1687 2461 1697 —
2507 1659 2698 1724 „Ad-

381 1743 528 1791 stant
575 1751 654 1784 exv
698 1730 804 1782 alia
857 1736 1009 1797 parte
1055 1724 1344 1796 spolia,
1402 1724 1460 1776 h.
1515 1740 1564 1775 e.
1616 1740 1799 1789 arma,
1862 1722 2072 1795 quibus
2118 1739 2341 1779 caesum
2389 1727 2699 1781 Hectorem

366 1800 722 1873 spoliaverat
753 1796 961 1861 victor,
1011 1799 1336 1858 currus,
1388 1790 1479 1845 cui
1516 1790 1790 1861 illigatum
1826 1808 1957 1844 eum
1988 1801 2323 1862 raptaverat,
2361 1802 2416 1847 et
2448 1792 2698 1864 ipsum

385 1886 513 1926 cor
578 1884 663 1943 up
699 1863 958 1930 amici,
997 1879 1075 1917 sc.
1111 1860 1395 1925 Hectoris,
1433 1876 1506 1911 ex
1538 1875 1705 1912 curru
1746 1859 2046 1928 supinum,
2085 1861 2303 1929 pulveri
2335 1860 2696 1931 incumbens,

349 1941 352 1942 ’
428 1956 500 1992 no
605 1950 833 2005 quoque
897 1930 990 1983 die
1051 1938 1171 1982 orto
1233 1936 1316 1980 ter
1374 1926 1522 1980 circa
1572 1927 1804 1980 Patrocli
1872 1930 2149 1980 tumulum
2202 1929 2427 1982 ductare
2475 1929 2700 1987 solebat

438 2003 654 2057 chilles.
741 1999 866 2052 vid.
920 2001 983 2050 Il.
1021 1998 1243 2063 XXIV,
1285 1994 1368 2047 14.
1422 1995 1603 2066 sqq.“
1658 1992 1745 2056 H.
1831 1997 1916 2047 De
1963 1996 2158 2065 partic.
2206 2004 2273 2049 ut
2327 2005 2412 2049 ter
2457 1998 2696 2067 repetita

384 2075 578 2125 Burni.
631 2067 872 2122 conferri
920 2065 1080 2122 iubet
1129 2066 1245 2117 Ecl.
1283 2064 1390 2129 VI,
1428 2065 1515 2116 66.
1565 2064 1662 2115 Ge.
1693 2063 1751 2127 Ι,
1792 2065 1907 2116 135.
1961 2064 2104 2115 Aen.
2140 2067 2192 2130 1,
2231 2066 2349 2118 290.
2399 2068 2519 2120 398.
2569 2065 2694 2121 660.

386 2134 677 2194 Drakenb.
718 2136 788 2187 ad
827 2135 926 2188 Sil.
960 2137 1089 2198 ΧΠ,
1130 2134 1276 2197 187.,
1315 2127 1421 2185 sua*
1450 2131 1519 2183 ad
1559 2131 1710 2183 Suet.
1749 2128 1880 2183 Tib.
1906 2136 1989 2183 21.
2027 2132 2273 2185 Gronov.
2310 2132 2378 2184 ad
2418 2134 2563 2185 Gen.
2590 2138 2693 2201 111,

384 2212 438 2264 9.
475 2214 536 2259 et
574 2205 642 2256 ad
682 2203 805 2254 Liv.
840 2203 1107 2267 xxvm,
1144 2204 1196 2255 9.
1231 2217 1301 2238 ⁵-
1365 2199 1486 2252 487.
1524 2197 1868 2265 „Manus
1914 2196 2238 2253 inermes
2283 2199 2401 2253 noli
2455 2199 2699 2257 inertem

384 2283 581 2346 putare
618 2278 892 2326 ornatum.
962 2271 1101 2326 Nam
1125 2265 1298 2320 verba
1324 2285 1391 2320 eo
1415 2274 1696 2335 spectant,
1736 2265 1888 2338 quod
1921 2266 2220 2321 intraverat
2242 2268 2468 2321 hostilia
2496 2280 2694 2337 castra,

388 2343 631 2424 supplex
682 2340 751 2391 ad
801 2354 984 2409 genua
1016 2335 1253 2389 Achillis
1301 2333 1712 2406 procubiturus.
1750 2361 1818 2372 —
1882 2335 2002 2388 488.
2055 2334 2194 2387 Cum
2248 2336 2480 2390 Achivis
2517 2355 2693 2407 per-

321 2423 338 2463 .·
386 2418 706 2465 maa-tum
753 2404 996 2474 praelio,
1043 2402 1322 2475 προμάχοις
1364 2408 1646 2472 μιχθέντα,
1697 2419 1797 2457 seu
1845 2411 2188 2473 pugnantem
2226 2402 2478 2457 Aeneam
2527 2421 2696 2476 saepe

387 2496 479 2548 ap.
517 2479 744 2528 Homer.
785 2473 1094 2540 invenias,
1122 2471 1397 2542 imprimis
1432 2474 1496 2523 11.
1527 2470 1596 2523 V.
1635 2478 1691 2524 et
1725 2475 1891 2536 XX.3
1943 2479 2000 2524 at
2036 2470 2091 2524 h.
2119 2473 2159 2523 l.
2196 2472 2263 2524 ad
2301 2472 2511 2527 seriora
2546 2482 2699 2529 tem-

389 2562 529 2616 pora
563 2541 914 2611 respicitur.“
946 2540 1029 2595 H.
1102 2542 1327 2609 „Quum
1364 2547 1548 2592 cetera
1575 2549 1896 2608 argumenta
1923 2557 2020 2592 sua
2049 2541 2315 2612 quodque
2342 2542 2529 2594 areola
2558 2559 2697 2611 pro-

392 2612 575 2683 posita
624 2627 746 2662 esse
794 2617 1084 2677 putentur,
1156 2624 1273 2659 non
1322 2607 1519 2671 video,
1580 2621 1683 2658 cur
1737 2616 1856 2660 non
1909 2608 2133 2666 Aeneae
2194 2608 2343 2661 inter
2449 2608 2695 2679 rincipes

432 2677 660 2750 ugnanti
695 2678 878 2728 areola
916 2674 1212 2728 sinoularis
1247 2672 1583 2743 assignanda
1615 2674 1705 2726 sit.
1773 2677 2090 2740 Maronem,
2138 2673 2200 2728 in
2240 2675 2411 2745 priori
2458 2694 2525 2730 us
2560 2694 2695 2747 pro·-

389 2698 605 2811 iixum,
658 2743 720 2797 in
769 2742 855 2796 his
909 2718 1130 2796 duotbus
1166 2758 1257 2794 vv.
1291 2745 1410 2795 488.
1462 2742 1584 2795 489.
1637 2739 1949 2795 breviorem
2005 2759 2126 2796 esse
2168 2743 2400 2797 decet.“
2459 2744 2575 2803 W.
2626 2774 2696 2787 -

392 2810 722 2885 agnovit.
794 2814 1011 2881 Fragm.
1041 2813 1163 2863 Vat.
1194 2813 1352 2863 Rom.
1390 2817 1446 2861 et
1469 2809 1600 2861 Ald.
1625 2812 1710 2879 Ill.
1747 2808 2036 2880 agnoscit,
2078 2811 2261 2884 quod,
2299 2811 2410 2864 iam
2436 2811 2696 2868 Fabricio

433 2879 717 2946 robatum,
757 2881 896 2932 coll.
947 2895 1003 2932 v.
1037 2878 1156 2932 470.
1206 2877 1419 2947 recepit
1465 2876 1651 2941 Iahn.3
1702 2886 1849 2930 recte
1895 2886 2082 2930 tamen
2129 2879 2453 2932 adversatur
2497 2879 2688 2949 Wr„

436 2966 532 3004 aec
585 2965 907 3017 opponens:
958 2945 1086 3014 „At
1118 2945 1360 3012 primum
1407 2944 1517 2998 hoc
1570 2947 1820 3015 Tempus
1867 2963 1899 3007 e
1945 2963 2001 2998 v.
2029 2946 2148 3000 470.
2202 2947 2504 3001 memoriae
2555 2945 2709 3002 vitio'

390 3016 685 3086 repetitum
741 3033 772 3068 a
818 3013 1062 3068 librariis
1098 3012 1280 3068 videri
1317 3022 1516 3083 potest.
1585 3015 1732 3065 Tum
1772 3013 1953 3067 tenuis
1994 3014 2060 3066 ·h.
2096 3018 2135 3068 l.
2174 3023 2257 3067 est
2288 3014 2498 3080 orati03
2547 3015 2695 3068 nihil

390 3086 575 3151 enim,
627 3083 735 3137 nisi
772 3082 1108 3151 permixtum
1162 3100 1223 3135 se
1256 3080 1605 3150 principibus
1641 3081 1872 3134 Achivis
1906 3080 2117 3136 vidisse
2136 3091 2403 3149 narratur
2437 3086 2691 3148 Aenean

394 3152 486 3205 cui
533 3150 611 3204 rei
666 3150 1089 3205 convenientius
1142 3159 1224 3203 est
1273 3150 1616 3211 Pert'ectum3
1677 3150 1827 3229 quod
1877 3148 1925 3203 si
1986 3147 2122 3222 quid
2176 3150 2397 3219 egregie
2446 3148 2519 3202 ab
2569 3150 2693 3220 ipso

311 3243 316 3248 ·
391 3219 599 3272 sactum
636 3218 696 3271 in
735 3219 828 3269 illa
865 3218 1078 3287 pictura
1114 3215 1502 3293 exhiberetur,
1540 3218 1875 3286 praeterrem
1910 3220 2207 3285 Praesens,
2260 3233 2379 3270 rem
2406 3216 2697 3272 ‘narratam

391 3286 556 3359 quasi
614 3285 842 3353 propius
897 3287 966 3337 ad
1032 3289 1224 3341 oculos
1275 3287 1604 3339 admovens.
1688 3287 1755 3337 Et
1817 3285 2049 3356 pulchre
2114 3305 2146 3341 a
2193 3282 2773 3340 vehementissimo'.

357 3353 563 3407 *anim'i
602 3350 827 3418 affectu,
869 3352 963 3423 qui
999 3362 1192 3424 regnat
1228 3353 1286 3405 in
1323 3353 1575 3421 proxime
1610 3352 1976 3425 praegressis,
2026 3353 2103 3406 ita
2138 3373 2238 3424 per
2274 3353 2584 3407 Perfectum
2622 3352 2697 3407 ad

372 3417 729 3477 ·3edatiorem
784 3422 1089 3473 orationem
1138 3420 1433 3485 transitur3
1486 3439 1599 3492 quo
1634 3419 1721 3486 fit,
1774 3430 1834 3473 ut
1867 3421 1962 3474 illa
1997 3423 2174 3492 magis
2210 3439 2306 3475 exs
2351 3421 2696 3475 lendescant.

391 3488 652 3559 Denique
687 3505 710 3539 c
756 3487 946 3541 noscit
980 3505 1293 3558 paucorum
1329 3487 1601 3540 librorum
1642 3505 1763 3541 esse
1801 3489 1963 3543 lectio
1998 3490 2253 3553 videtur3
2363 3489 2502 3542 eins.
2540 3488 2698 3541 enim

435 3572 569 3608 uum
605 3554 695 3609 edi
742 3555 844 3608 erit
886 3555 1119 3624 (agnovit
1137 3594 1174 3622 „
1213 3556 1330 3623 ipse
1380 3555 1605 3609 alterins
1653 3557 1911 3610 lectionis
1956 3575 2034 3610 *ne
2078 3557 2425 3612 mentionem
2461 3556 2699 3628 quidem

415 3623 551 3691 acit3
588 3632 644 3676 et
682 3621 771 3689 ita,
810 3622 1063 3692 agnovit,
1094 3622 1324 3677 invenio
1358 3622 1524 3674 etiam
1558 3623 1615 3675 in
1642 3632 1878 3696 utroque
1903 3626 2098 3695 Lipsf‘
2125 3651 2190 3664 --
2254 3628 2376 3679 489.
2406 3623 2700 3695 „Agnovit

388 3693 750 3746 Memnonem
778 3699 1152 3762 pugnanten13
1187 3689 1339 3763 quod
1367 3699 1551 3743 autem
1577 3686 1868 3771 nigrum
1898 3696 2159 3772 appellat,
2186 3702 2240 3747 et
2264 3694 2326 3748 E
2335 3709 2370 3746 ο
2384 3709 2464 3746 as
2485 3688 2700 3748 acies

389 3767 691 3823 memorat,
741 3757 801 3810 id
857 3776 923 3812 eo
963 3759 1228 3827 pertinet,
1320 3757 1457 3824 uod,
1508 3776 1777 3830 quoniam
1811 3761 2021 3814 auxilia
2073 3779 2145 3815 ex
2179 3762 2338 3816 terris
2373 3760 2586 3814 Troadi
2622 3757 2693 3812 ab

390 3827 606 3880 oriente
635 3825 762 3881 'sitis
780 3865 794 3892 ,
832 3843 976 3898 quae
1007 3834 1125 3878 tum
1156 3774 1643 3892 subfflssyriorum
1676 3827 1887 3881 ditione
1914 3828 2085 3885 fuisse
2112 3829 2405 3894 videntur,
2443 3829 2699 3881 Aurorae

390 3893 489 3947 ille
523 3894 671 3953 filius
706 3893 943 3947 adduxit
955 3934 988 3961 ,,
1017 3911 1078 3946 re
1115 3893 1175 3946 in
1212 3895 1391 3948 maius
1430 3900 1617 3961 aucta,
1665 3894 1835 3950 Indos
1884 3895 1932 3950 is
1967 3906 2024 3950 et
2046 3897 2354 3966 Aethiopes
2387 3895 2698 3949 adduxisse

391 3959 648 4016 fabulose
698 3961 919 4016 dicitur.
989 3964 1076 4014 De
1124 3961 1349 4017 armis
1395 3960 1516 4014 vid.
1572 3979 1626 4015 v.
1656 3963 1830 4017 751.“
1865 3962 1953 4018 H.
1992 3963 2187 4018 ·ane
2223 3963 2396 4018 acies.
2470 3961 2556 4014 Cf.
2594 3963 2695 4015 Ge.

392 4029 472 4093 11,
510 4031 624 4083 115.
661 4028 823 4084 ane
855 4032 1060 4083 domus
1083 4029 1380 4084 Arabum.
1455 4027 1620 4083 Ovid.
1658 4031 1784 4083 Am.
1810 4034 1889 4097 II,
1924 4033 1990 4097 6,
2025 4037 2072 4083 1.
2109 4031 2223 4086 Εοί
2254 4029 2394 4086 Inda·
2425 4039 2554 4084 cett.
2602 4029 2697 4082 Sic

391 4102 569 4148 terrae
602 4097 901 4151 orientales
939 4097 1169 4150 Horatio
1204 4098 1310 4153 Od.
1338 4101 1394 4162 1,
1434 4099 1533 4164 35,
1575 4098 1660 4153 35.
1730 4096 1890 4154 ane
1923 4109 2165 4169 partes,
2220 4097 2416 4168 populi
2462 4096 2697 4167 orientis

395 4153 601 4215 Ovidii>
649 4165 777 4217 Am.
814 4168 866 4223 Ι,
924 4168 1020 4230 15,
1067 4167 1152 4220 29.
1201 4165 1530 4236 simpliciter
1574 4175 1629 4218 et
1674 4165 1929 4219 absolute
1978 4166 2091 4222 Eoi
2136 4176 2422 4221 vocantur.
2477 4195 2549 4209 -
2605 4167 2698 4218 De

393 4227 731 4306 Memnone,
789 4232 1023 4287 Tithoni
1069 4241 1125 4286 et
1157 4233 1409 4289 Aurorae
1459 4231 1604 4299 filio,
1655 4233 1751 4306 qui
1787 4232 2047 4290 Troianis
2086 4252 2157 4288 ex
2191 4233 2403 4289 oriente
2439 4233 2715 4287 attulerat*

393 4298 744 4363 auxilia,·et
790 4309 913 4368 post
958 4318 1084 4353 uam
1136 4300 1527 4366 Antilochum,
1577 4301 1820 4356 Nestoris
1865 4301 2078 4370 filium,
2126 4302 2429 4368 interfecit,
2481 4299 2701 4354 sortiter

392 4377 649 4444 pugnans
684 4363 754 4416 ab
790 4368 929 4422 Achi
958 4371 1010 4421 le
1043 4371 1259 4424 occisus
1292 4378 1406 4435 est,
1445 4372 1515 4423 cs.
1552 4372 1721 4425 Hom.
1754 4369 1938 4438 Odyss
1964 4371 2074 4438 IV,
2114 4374 2228 4426 187.
2269 4373 2386 4424 188.
2421 4370 2532 4435 xl,
2572 4373 2696 4423 521.

395 4431 585 4500 Quint.
621 4432 844 4519 Smyrn.
868 4438 944 4505 11,
983 4441 1098 4493 100.
1138 4455 1265 4513 sqq.
1299 4437 1494 4509 Dictys
1527 4439 1637 4508 IV,
1671 4437 1725 4492 4.
1777 4439 1881 4519 ψ,
1923 4443 2007 4493 10.
2055 4437 2285 4494 Hesiod.
2324 4437 2543 4511 Theog.
2571 4436 2694 4494 984.
