2870 4981
899 311 1334 393 ‘AENEmOS
1386 315 1543 377 LlB.
1578 319 1654 384 11.
2339 337 2466 420 163

168 485 458 576 Goutorsit.
544 479 718 559 Stetit
758 496 864 558 illa
906 507 1191 579 tremens,
1237 512 1518 582 uteroque
1562 526 1798 570 recusso

166 583 455 647 Insonuere
496 602 672 642 cavae
715 582 1106 663 gemitumque
1150 588 1358 648 dedere
1402 608 1708 654 cavernae.

164 672 264 747 Et,
309 668 358 729 si
398 666 519 727 fata
562 669 763 744 deum,
810 667 864 729 si
906 689 1071 732 mens
1117 692 1235 734 nou
1283 673 1452 735 laeva
1492 674 1737 759 suisset,

114 914 130 934 ·
163 903 312 961 ovid.
358 911 546 956 tamen
594 903 728 957 Met.
757 903 871 969 VI,
916 908 1005 959 77.
1057 902 1202 972 (ubi
1245 903 1367 962 vid.
1417 908 1631 976 Bach.)
1688 931 1791 987 pro
1840 920 1938 971 vul
1982 957 1997 972 .
2044 926 2203 983 mai
2379 958 2463 998 ex

160 971 376 1028 vulnere
417 969 562 1024 saxi
592 968 930 1027 Exsiluisse
961 973 1174 1043 ferum
1219 992 1376 1031 nunc
1424 980 1632 1054 rectius
1687 979 1873 1039 editur
1904 934 2160 1057 fictum.
2248 949 2456 1063 {gaston

160 1039 329 1097 autein
383 1041 435 1104 Ι,
489 1040 608 1092 550.
658 1039 827 1092 etiam
878 1040 950 1094 de
996 1038 1183 1098 bobus
1230 1042 1472 1099 dicitur:
1530 1056 1815 1112 traxerat
1869 1073 2105 1124 aversos
2134 1066 2335 1134 feros.
2387 1108 2458 1120 ..-

157 1113 232 1164 52.
288 1105 597 1162 contorsit.
676 1108 1031 1171 Rottend.II.
1077 1107 1360 1182 Intersit,
1416 1124 1479 1167 ut
1527 1123 1733 1172 v.231.
1784 1130 1839 1174 et
1883 1127 1996 1190 XI,
2038 1130 2158 1184 637.
2241 1138 2458 1200 Eadem

154 1176 371 1229 varietas
408 1174 847 1244 deprehenditur
880 1194 968 1246 ap.
1008 1177 1177 1232 Ovid.
1216 1181 1350 1233 Met.
1377 1183 1468 1251 V,
1504 1185 1590 1240 90.
1610 1225 1626 1252 ,
1664 1185 1765 1241 ubi
1799 1191 1992 1245 Heius,
2030 1212 2133 1264 pro
2167 1198 2460 1282 intorquet

155 1240 392 1300 iaculum
424 1239 489 1294 in
522 1259 637 1296 uno
686 1244 931 1298 alterove
972 1244 1113 1299 Cod.
1150 1247 1421 1322 scriptum
1459 1251 1678 1306 invenit
1713 1267 2069 1332 contorquet.
2106 1297 2178 1308 —
2237 1283 2457 1344 uterq
2494 1294 2505 1302 ‘

152 1326 449 1365 recusso
501 1309 538 1362 i.
576 1326 626 1362 e.
678 1327 1029 1381 repercusso.
1096 1313 1456 1372 Recutiendi
1496 1320 1840 1377 vocabulum
1892 1330 2199 1388 admodum
2233 1354 2360 1398 raro
2393 1345 2457 1401 in

154 1389 383 1434 veterum
441 1376 661 1445 scriptis
717 1379 1035 1445 invenitur3
1087 1381 1360 1452 Virgilius
1415 1395 1601 1440 autem
1649 1389 1841 1446 verbis
1900 1410 2031 1450 oum
2079 1417 2334 1475 praepos.
2389 1432 2457 1470 re

152 1443 457 1513 compositis
500 1443 744 1499 libenter
777 1456 833 1500 et
866 1464 997 1500 cum
1036 1453 1512 1528 amore-quodam
1549 1455 1754 1534 utitur,
1791 1469 1847 1512 et
1879 1460 1973 1517 hic
2008 1468 2240 1538 quidem
2277 1496 2454 1550 quum

149 1511 409 1568 cumulata
442 1513 603 1565 litera
639 1513 840 1567 canina
878 1524 1000 1568 tum
1035 1533 1286 1571 numeris
1324 1519 1613 1590 dactylicus
1664 1533 2099 1587 trementem
2137 1555 2345 1610 equum
2383 1567 2452 1605 eo

149 1575 376 1633 vividius
405 1579 641 1652 pingere
668 1581 919 1636 voluisse
947 1582 1191 1637 videtur.
1236 1584 1456 1654 Quibus
1484 1589 1624 1646 locis
1647 1603 1930 1661 praeterea
1952 1617 2226 1660 recussus
2251 1612 2457 1685 legitur

148 1649 287 1711 (Val.
319 1649 405 1701 Fi.
438 1649 512 1712 .V,
548 1650 669 1703 167.
695 1648 961 1719 Appulei.
993 1652 1124 1706 Met.
1153 1654 1245 1706 IV.
1273 1671 1328 1722 p.
1357 1658 1444 1709 87.
1474 1667 1528 1710 et
1561 1654 1629 1710 V.
1660 1678 1716 1730 p.
1745 1664 1861 1715 114.
1888 1666 2010 1734 Bip.
2039 1670 2235 1728 Sidon.
2260 1680 2450 1750 Apoll,

145 1720 212 1782 11,
235 1714 413 1781 422),
451 1713 534 1769 ibi
573 1716 757 1784 prima
790 1717 976 1787 signis.
1008 1721 1160 1772 valet
1192 1722 1502 1794 quatiendo
1537 1737 1685 1780 retro
1718 1732 1916 1798 pulsus
1941 1738 2033 1788 vel
2068 1739 2356 1810 depulsus.
2384 1782 2453 1796 ...-

149 1787 219 1838 53.
249 1798 698 1850 „cavernae
731 1795 834 1852 pro
858 1801 1129 1853 caverna,
1164 1787 1223 1841 h.
1247 1805 1303 1860 9.
1342 1806 1525 1862 equus
1552 1810 1754 1862 cavus,
1792 1802 1957 1853 κοῖλον
1992 1805 2130 1876 δόρυ,
2172 1811 2447 1890 Od.-v111,

146 1851 286 1907 507.“
308 1848 403 1904 H.
482 1850 635 1910 Wr.
664 1849 803 1906 haec
831 1851 1087 1906 adnotat:
1114 1872 1346 1923 „cavae
1372 1874 1658 1919 cavernae
1680 1863 1778 1917 vix
1806 1865 2132 1941 ferendum,
2175 1878 2286 1934 nisi
2313 1884 2451 1942 iun-

143 1918 271 1974 xoris
296 1934 484 1972 cavae
505 1917 832 1987 insonuere,
859 1919 897 1972 i.
918 1937 967 1972 e.
1001 1937 1246 1977 cavum
1272 1943 1359 1996 qu
1379 1924 1395 1978 i
1415 1926 1450 1979 d
1480 1945 1748 1995 sonuer03
1777 1932 1857 1987 sic
1882 1935 2026 1991 infra
2059 1941 2120 2006 V,
2149 1941 2270 2010 666.
2301 1950 2462 2011 Tum·

144 2002 309 2042 rauca
361 1984 611 2038 assiduo
659 1983 827 2057 longe
871 1986 999 2042 sale
1040 2005 1201 2045 δατ-α
1237 1991 1545 2050 sonabant.
1619 1998 1718 2051 Ge.
1745 2002 1854 2069 IV,
1904 2008 2025 2058 370.
2062 2006 2450 2093 Sacc-osusque

141 2069 333 2108 sonans
383 2051 689 2124 Hypanis.
771 2055 915 2107 Aen.
969 2057 1101 2135 Vn,
1166 2058 1282 2138 ¹4¹:
1337 2059 1462 2115 Hic
1508 2073 1691 2182 pater
1734 2069 2091 2139 onmipotens
2147 2088 2241 2134 ter
2288 2089 2448 2146 coelo

140 2119 319 2176 clarus
375 2119 456 2173 ab
510 2117 629 2173 alto
662 2118 943 2178 Intonuit.
1017 2123 1152 2178 vid.
1203 2136 1373 2189 etiam
1409 2130 1482 2182 V.
1558 2133 1581 2183 ‘.
1629 2132 1698 2186 ad
1734 2136 1842 2203 IV,
1884 2139 2003 2192 443.
2044 2144 2123 2211 V,
2159 2148 2246 2202 24.
2286 2164 2340 2206 et
2375 2160 2447 2213 ad

140 2190 267 2254 vul,
317 2189 440 2248 559.
507 2196 902 2261 praetereaque
949 2193 1137 2268 Heyn.
1187 2196 1326 2256 Not.
1374 2195 1448 2248 acl
1515 2201 1590 2263 11,
1638 2200 1786 2282 487..
1844 2206 2098 2263 Imitatur
2142 2214 2471 2312 Virgilium⁴
2532 2261 2535 2270 ,

138 2259 377 2317 Lucanus
414 2257 487 2307 III
504 2294 521 2321 ,
558 2255 679 2308 418.
746 2254 937 2325 Saepe
988 2275 1167 2328 cavas
1199 2272 1359 2317 motu
1391 2272 1590 2320 terrae
1624 2283 1852 2336 mugvre
1883 2289 2187 2344 cavernas.
2211 2281 2236 2311 ‘
2332 2292 2463 2348 Sed*

138 2324 359 2394 primum
408 2322 510 2376 hic
561 2321 685 2391 ipse
719 2325 935 2380 Lucani
981 2326 1144 2381 locus
1190 2330 1554 2399 explicationi
1600 2331 1673 2387 ab
1708 2337 1835 2390 Wr.
1871 2345 2189 2410 propositae
2223 2354 2447 2419 videtur

137 2389 431 2456 adversari,
485 2407 656 2462 quem
710 2391 808 2444 vix
860 2402 997 2462 puto
1046 2404 1331 2451 auctorem
1383 2397 1573 2469 ipsum
1624 2418 1727 2470 per
1771 2421 1978 2464 cavum
2064 2415 2173 2469 uid
2218 2437 2272 2474 m
2357 2425 2445 2485 ire

132 2455 606 2530 interpretaturum
654 2456 856 2524 fuisse3
908 2460 1119 2516 deinde
1167 2463 1335 2519 etiam
1375 2468 1507 2524 loco
1557 2479 1750 2549 nostro
1795 2474 1870 2527 ita
1922 2471 2038 2530 inte
2061 2482 2205 2539 lecto
2249 2507 2282 2543 a
2326 2493 2442 2551 dita

134 2525 290 2583 verba
352 2525 746 2597 gemitumque
795 2529 1012 2589 dedere
1071 2528 1363 2587 abundare
1412 2535 1676 2590 dixerim.
1775 2544 1962 2611 Quare
2010 2548 2150 2604 mihi
2214 2572 2444 2623 cavae

133 2596 491 2650 c'avernae
543 2602 745 2648 eodem
792 2596 1104 2651 archaismo
1151 2601 1371 2669 poetico
1417 2602 1630 2658 dictum
1662 2607 1917 2678 videtur,
1964 2631 2080 2688 qno
2130 2626 2280 2691 apud
2319 2631 2442 2689 Lu.

133 2663 347 2716 cretium
378 2666 435 2729 I,
481 2664 605 2716 826.
653 2662 879 2720 sonitus
911 2668 1163 2735 sonans,
1218 2667 1358 2722 ibid.
1393 2674 1496 2740 111,
1536 2674 1658 2727 826.
1697 2675 1840 2743 (ubi
1876 2680 1994 2734 vid.
2042 2685 2236 2744 adnot.
2276 2692 2441 2766 mea)

131 2729 334 2785 auxius
383 2747 616 2800 angor,
672 2732 820 2797 apud
857 2734 1112 2787 Plautum
1148 2735 1268 2788 Mil.
1295 2738 1405 2806 IV,
1453 2745 1476 2792 1
1501 2779 1517 2807 ,
1556 2744 1639 2793 13.
1679 2743 1942 2813 pulchra
1962 2749 2350 2818 pulchritudo
2387 2779 2444 2822 et
2484 2820 2487 2821 ⁷

129 2797 334 2852 similia.
370 2828 442 2837 —-
478 2799 871 2867 „gemitus
904 2817 1005 2879 pro
1044 2803 1229 2865 souitu
1266 2810 1590 2862 resultante.
1610 2808 1647 2837 “
1685 2811 1776 2868 H.
1845 2815 1941 2869 Sic
1975 2821 2084 2887 IX,
2120 2828 2239 2882 709.
2305 2832 2442 2897 Dat

128 2864 282 2920 tellus
319 2864 622 2937 gemitum.
710 2864 795 2918 Cf.
850 2876 1018 2922 etiam
1066 2873 1165 2938 HI,
1215 2874 1333 2927 555.
1369 2904 1441 2917 -·
1506 2876 1593 2931 54.
1644 2895 1729 2951 sq.
1777 2882 1936 2951 „Et
1988 2884 2435 2961 impulerat.

127 2933 185 2986 Et
221 2950 356 2986 sane
411 2931 736 3002 impulisset
788 2935 1094 3002 Troianos,
1158 2937 1461 3009 effecisset,
1524 2954 1586 2998 ut
1633 2947 1768 3018 equi
1816 2951 2003 3004 latera>
2035 2957 2435 3037 refringerent,

124 3010 270 3068 puta,
299 3001 489 3056 securi
519 3000 759 3070 impacta
790 3012 892 3056 etc.
913 3043 929 3069 ,
962 3013 1017 3056 et
1043 3004 1301 3060 interiora
1329 3010 1627 3080 aperirent.
1698 3015 2031 3089 Enimvero,
2056 3023 2209 3080 Ecce
2232 3047 2442 3095 manus

123 3066 362 3123 iuvenem
399 3077 510 3120 etc.
546 3099 615 3108 —
670 3068 951 3138 sifata
997 3073 1203 3127 deum
1235 3078 1796 3150 non‘fuissent,
1849 3084 1908 3143 h·
1948 3105 2001 3147 e.
2035 3090 2081 3143 si
2118 3109 2237 3149 non
2270 3098 2438 3159 fatale

122 3134 303 3189 fuisset
353 3132 542 3203 (Αἶσα
577 3137 680 3207 γὰρ
715 3128 773 3202 ἦν
808 3148 913 3191 etc.
964 3139 1071 3193 Od.
1110 3142 1260 3209 Vm,
1299 3145 1481 3212 511.).
1534 3143 1608 3202 si
1636 3164 1831 3205 mens
1870 3152 2143 3225 [nostra]
2180 3160 2397 3224 laeva

121 3203 334 3258 stultitia
374 3195 791 3269 Troianorum,
829 3223 971 3261 non
995 3207 1340 3286 fuisset,
1383 3223 1448 3267 ut
1485 3215 1603 3268 Ecl.
1627 3217 1686 3281 ·1,
1725 3219 1809 3272 16.
1886 3219 1985 3277 ubi
2025 3224 2141 3281 vid.
2182 3212 2432 3308 adnutu}

121 3272 355 3327 Fortasse
408 3283 606 3326 tamen
652 3273 856 3328 melius
904 3274 1189 3330 iunxerisz
1236 3295 1395 3335 mens
1431 3297 1550 3339 mm
1581 3281 1785 3353 laeva,
1812 3293 1837 3307 ““
1881 3326 1896 3341 .
1934 3309 1984 3345 e.
2019 3311 2187 3365 sana3
2233 3312 2295 3357 ut
2328 3307 2434 3361 sit:

121 3337 161 3390 si
200 3339 372 3393 satum
405 3328 485 3394 „et
534 3356 695 3407 mens
752 3358 888 3397 sana
936 3339 1149 3397 suisset.
1252 3347 1410 3413 [Hoc
1458 3349 1608 3403 haud
1655 3350 1831 3409 dubie
1877 3360 2137 3430 rectius.]
2199 3367 2258 3423 ,ςί
2286 3374 2439 3443 fam

109 3403 351 3473 fuissent
378 3407 490 3467 inf.
519 3412 577 3461 v.
606 3406 769 3462 433.“
788 3408 886 3464 H.
955 3409 1081 3478 „Si
1099 3412 1250 3481 fata
1278 3415 1339 3468 d.
1373 3415 1635 3484 fuissent,
1670 3430 1734 3475 ut
1760 3421 2000 3480 insidiae
2023 3430 2434 3505 detegerentur.

118 3473 167 3525 Si
198 3474 888 3531 modosenuntiationum
920 3477 1387 3536 conditionalium
1416 3502 1607 3554 curas,
1641 3487 1892 3560 notabis,
1931 3496 2027 3549 elli
2069 3498 2159 3553 sin
2183 3505 2432 3579 aliquam

120 3538 333 3598 subesse
368 3544 561 3597 hanc:
627 3543 708 3598 Et
742 3542 1058 3613 impulerat
1094 3573 1158 3585 -
1196 3546 1488 3621 latebras,
1542 3564 1600 3608 et
1631 3556 1879 3613 latebrae
1916 3562 2007 3617 foe
2050 3576 2172 3621 atae
2208 3585 2430 3643 essent,

116 3605 162 3660 si
187 3611 332 3680 fata
378 3611 690 3683 fuissem3
756 3614 984 3686 qualem
1046 3623 1174 3668 ante
1230 3617 1347 3672 nisi
1405 3620 1487 3674 sre
1535 3623 1921 3682 uentissimam
1975 3649 2100 3687 esse
2149 3641 2431 3700 sexcentis

115 3679 300 3742 poterit
336 3677 573 3749 probari
610 3679 906 3750 exemplis.
974 3680 1151 3735 Tacit.
1193 3684 1337 3739 Hist.
1368 3690 1467 3754 ΙΙΙ,
1543 3697 1590 3744 1.
1659 3691 2099 3768 Νοοάεοναητ,
2231 3704 2257 3758 i
2273 3725 2427 3777 pro-

108 3741 376 3821 pellerent
407 3776 484 3791 --
515 3745 581 3799 ni
607 3775 699 3793 .--
748 3746 1029 3802 omisisset
1074 3748 1523 3821 intempestivam
1567 3759 1934 3829 sapientiam.
2020 3769 2126 3836 Qui
2213 3771 2431 3833 intersit

114 3821 241 3867 mter
276 3813 637 3886 impulerat,
676 3813 731 3868 si
754 3813 1014 3887 fuisset,
1056 3827 1111 3870 et
1149 3816 1502 3892 impulisset,
1541 3825 1596 3879 si
1617 3827 1876 3899 fuisset,
1916 3839 2308 3904 grammaticae
2342 3855 2427 3900 est

115 3878 566 3939 demonstrat-ef
626 3882 742 3942 JV.
815 3881 1212 3953 „Impulerat
1258 3887 1441 3957 enim,
1493 3891 1539 3946 si
1590 3896 1829 3950 accurati
1879 3897 2194 3971 interpretis
2279 3916 2446 3969 artes'

114 3943 330 4016 implere
372 3946 611 4005 volebat
644 3952 716 4004 H.
740 3990 755 4016 ‚
778 3967 911 4003 >non
951 3953 1349 4023 explicandum
1387 3968 1513 4024 erat,
1539 3978 1637 4029 per
1666 3961 2024 4037 impulisset5
2068 3969 2187 4040 imp
2252 3989 2417 4050 erat,

113 4012 483 4084 sifuissent.-
522 4025 591 4069 at
623 4036 765 4071 non
798 4017 1305 4093 fuerunt,ergo
1342 4042 1459 4091 non
1495 4030 1674 4097 potuit
1708 4030 2027 4103 impellere3
2064 4035 2418 4119 impulisset,

110 4079 470 4151 sifuissent.-
507 4084 554 4141 si
581 4085 847 4151 fuissent,
879 4097 953 4139 ut
980 4105 1140 4141 esse
1174 4101 1544 4161 poterant,
1586 4108 1797 4162 poterat
1823 4097 1973 4168 fieri,
2003 4114 2066 4157 ut
2091 4105 2422 4178 impelleret.

112 4148 217 4204 vid.
253 4154 380 4206 Not.
442 4151 520 4205 ad
554 4154 661 4220 IV,
701 4154 835 4209 19.“
875 4152 1026 4213 Wr.
1099 4158 1407 4213 Stallbaum
1457 4164 1526 4216 ad
1565 4165 1828 4219 Ruddim.
1859 4169 1923 4235 Π.
1974 4187 2030 4238 ρ.
2060 4174 2178 4228 378.
2215 4195 2300 4253 sq.
2352 4186 2424 4240 de

109 4214 197 4272 hac
221 4237 279 4273 re
305 4221 637 4286 disserens,
672 4218 880 4274 haecce
913 4221 1165 4292 scripsit:
1204 4265 1240 4292 „
1260 4228 1599 4286 Indicativus
1639 4233 1852 4288 indicat
1875 4236 2244 4300 subiectivam
2266 4250 2421 4305 veri.

107 4292 293 4344 tatem.-
343 4304 507 4362 quae
556 4305 733 4361 quum
768 4306 887 4343 non
909 4290 1026 4353 ‚alia
1063 4308 1184 4346 esse
1221 4296 1425 4363 possit,
1474 4316 1645 4370 quam
1681 4318 1829 4374 quae
1861 4307 1979 4365 sola
2016 4311 2219 4368 mentis
2259 4320 2421 4390 cogi-

105 4353 318 4410 tatione*
340 4356 705 4423 continetur,
756 4355 919 4411 facile
975 4357 1331 4431 intelligitur,
1384 4370 1725 4421 contrarium
1764 4369 1917 4435 eius,
1973 4378 2124 4447 quod
2163 4396 2419 4449 pronun-

103 4418 276 4490 tiatur,
331 4441 543 4495 revera
592 4423 807 4481 sactum
857 4441 977 4485 esse
1027 4425 1282 4486 indicari.
1365 4435 1558 4507 Itaque
1594 4433 1908 4509 impulerat
1944 4445 2179 4538 gravius
2212 4448 2423 4507 indicat

1865 4511 2004 4582 Le.
