2870 4981
389 336 517 401 10⁰
1125 324 1194 388 Ρ.
1243 319 1577 385 VlRGlLll
1621 315 1990 380 MARONIS

623 401 652 416 x

399 527 417 587 l
432 530 620 584 :istaut
661 519 926 592 ardentes
971 511 1179 594 Tyrii:
1230 531 1365 590 pars
1408 512 1615 569 «lucere
1659 527 1891 581 muros,

395 601 710 684 Molirique
755 622 975 677 art-ein,
1020 607 1075 657 et
1118 595 1385 657 manibus
1429 593 1771 654 subvolvere
1814 612 1994 668 saxa,

398 695 549 755 Pars
595 701 790 768 optare
838 686 1023 746 locum
1070 693 1252 756 tecto,
1299 691 1354 746 et
1396 679 1736 739 concludere
1774 676 1978 752 ‘suli-03
2434 761 2441 766 „
2593 666 2718 735 425

401 780 541 840 lura
586 755 1075 853 magistratusque
1119 767 1322 847 legunt
1369 775 1744 842 extinctumque
1790 770 2089 856 senutmn3

407 1015 465 1051 v.
499 998 617 1049 3¹0.
654 990 723 1048 ad
761 991 859 1043 Ge.
887 991 936 1054 1,
972 991 1090 1044 393.
1123 989 1201 1054 11,
1238 983 1359 1041 284.
1395 993 1451 1038 et
1486 979 1641 1037 alibi.
1674 1012 1745 1023 —
1809 979 2122 1035 423—425.
2158 978 2532 1048 „Instant
2568 981 2727 1049 operi

409 1062 603 1126 'rvriiz
674 1069 737 1112 ut
784 1060 951 1127 plene
1004 1055 1202 1109 extulit
1254 1053 1425 1108 Silius
1472 1055 1550 1117 11,
1603 1052 1723 1105 407.
1779 1068 1906 1121 sqq.
1959 1049 2020 1101 in
2072 1050 2198 1101 loco
2248 1048 2380 1100 hinc
2435 1064 2722 1113 expresso.

415 1122 754 1201 [Condebat
795 1124 1029 1196 primae
1074 1123 1241 1178 Dido
1300 1119 1521 1178 Cartha
1572 1117 1677 1173 ‘nis
1734 1135 1901 1196 arces
1948 1114 2323 1189 Instabatque
2346 1115 2539 1197 ‘oper-2⁰1
2583 1116 2721 1170 sub-

412 1203 595 1254 dat-cta
628 1194 813 1250 classe
850 1190 1111 1247 inventus
1151 1200 1274 1244 cett.
1314 1199 1366 1246 et
1402 1189 1483 1243 sic
1569 1185 1667 1257 irg.
1696 1186 1815 1256 ipse
1851 1185 1994 1237 infra
2027 1200 2083 1249 V,
2111 1185 2229 1238 504.
2267 1185 2462 1260 (Dido)
2498 1194 2724 1261 testans

411 1265 579 1338 opem·
625 1261 930 1334 regnisque
961 1259 1252 1331 futuris]
1275 1257 1325 1286 “
1363 1255 1451 1311 H.
1525 1257 1768 1325 „Quum
1806 1252 2028 1306 dativus
2059 1252 2224 1323 operi
2258 1250 2435 1316 desit,
2485 1251 2619 1303 vide
2651 1268 2728 1305 an

407 1334 578 1389 malis
624 1331 857 1400 iungere
902 1328 1121 1381 instant
1153 1357 1223 1368 --
1268 1327 1484 1379 ducere
1520 1353 1585 1363 —
1620 1333 1846 1391 optare.
1921 1319 2011 1373 Sic
2047 1322 2190 1373 Aen.
2224 1322 2303 1384 11,
2340 1323 2460 1373 627.
2508 1316 2729 1373 instant

413 1417 659 1468 eruere3
695 1395 930 1450 verbum
968 1395 1184 1448 instant
1219 1394 1475 1445 ardorem
1513 1400 1565 1444 et
1603 1389 2011 1443 festinationem
2039 1396 2214 1441 notat.
2286 1391 2483 1459 Neque
2522 1384 2724 1452 obstat,

417 1470 572 1542 quod
606 1482 760 1537 pars
794 1459 859 1505 -’-
885 1480 1039 1533 pars
1075 1462 1217 1515 inter
1261 1460 1481 1515 ositum.
1556 1457 1689 1512 Vid.
1736 1459 1851 1509 Ecl.
1883 1460 1931 1523 1,
1970 1459 2054 1510 65.
2091 1457 2178 1507 66.
2250 1459 2397 1507 Tum
2441 1454 2726 1533 distinctio

415 1536 683 1591 mutanda
717 1541 820 1586 est.
842 1533 878 1558 “
951 1533 1102 1583 Haec
1239 1566 1296 1597 .,
1349 1526 1542 1581 nescio
1591 1544 1664 1578 an
1713 1534 1894 1590 recto;
1944 1527 2231 1592 vulgarem
2279 1532 2469 1575 tamen
2522 1522 2731 1576 distin-

437 1601 628 1656 ¹uendi
675 1600 949 1653 rationem
996 1597 1253 1651 deserere
1302 1614 1421 1649 non
1476 1612 1643 1648 ausus
1690 1610 1836 1647 sum.
1882 1623 1952 1644 ‹-
2031 1593 2155 1644 424.
2217 1588 2731 1660 „subvolvere

417 1623 602 1737 bene,
657 1678 718 1720 ut
765 1668 1037 1730 declaret,
1089 1664 1146 1716 in
1196 1667 1365 1715 altum
1413 1662 1578 1715 educi
1633 1679 1838 1714 arcem.
1879 1691 1947 1702 -
2013 1659 2131 1713 425.
2170 1668 2474 1728 optare,
2529 1667 2590 1710 ut
2622 1662 2728 1725 111,

421 1745 569 1803 109..
609 1745 691 1790 est
722 1736 959 1804 eligere,
999 1731 1278 1785 destinare
1308 1731 1363 1783 h.
1393 1731 1472 1781 1.·“
1504 1729 1589 1783 H.
1671 1727 1897 1798 Optare
1921 1726 2107 1782 Iocum
2137 1728 2299 1780 etiam
2330 1729 2478 1794 apud
2508 1729 2733 1781 Petron.

421 1826 471 1862 c.
504 1812 619 1858 122.
666 1803 886 1855 lenitur.
958 1799 1225 1854 Similiter
1260 1799 1404 1851 Aen.
1443 1798 1595 1864 vm,
1635 1800 1753 1851 503.
1821 1796 2123 1852 ,Ea-lemos
2169 1804 2362 1864 opiam
2411 1795 2624 1861 duces,
2678 1803 2736 1848 et

420 1876 548 1928 Liv.
584 1875 691 1937 VI,
724 1847 827 1935 35,
862 1870 911 1922 5.
989 1865 1070 1921 Ut
1123 1884 1205 1920 ex
1249 1864 1485 1935 collegis
1531 1872 1795 1934 optaret,
1851 1880 2016 1937 quem
2057 1860 2244 1917 vellet.
2318 1860 2736 1941 Cl'3Drakenb.

424 1939 493 1996 ad
539 1940 637 1995 Sil.
682 1941 840 2000 xm,
877 1938 996 1989 (389.
1049 1933 1199 1988 Cort.
1238 1935 1305 1985 ad
1345 1935 1478 1986 Sall.
1515 1935 1632 2001 lug.
1666 1935 1764 1997 79,
1799 1936 1851 1986 8.
1907 1933 2123 1983 Ernest.
2162 1928 2316 1982 clav,
2353 1929 2467 1982 Cic.
2503 1948 2547 1983 s.
2586 1947 2645 1983 v,
2686 1940 2741 1985 et

423 2015 652 2078 Rupert.
679 2006 748 2058 ad
775 2005 897 2056 Liv.
923 2005 1021 2067 111,
1048 2003 1147 2068 64,
1172 2005 1223 2055 5.
1296 2003 1479 2071 Quare
1506 1995 1701 2069 pro‘cul
1730 1998 1906 2051 dubio
1933 1998 2236 2052 reiicienda
2265 2006 2345 2050 est
2374 2000 2540 2059 altera
2560 1995 2740 2053 'lectio

423 2078 591 2134 Pars
622 2083 832 2144 aptare
864 2070 1051 2125 Iocum
1083 2079 1128 2124 t.
1145 2108 1167 2136 ,
1227 2087 1257 2121 a
1309 2067 1498 2121 multis
1533 2085 1667 2121 sane
1704 2066 1885 2121 Codd.
1927 2065 2194 2119 exhibita.
2264 2065 2555 2118 Meliorem
2591 2067 2739 2120 scri-

423 2154 644 2215 pturam
681 2136 844 2193 etiam
884 2137 1086 2190 Donati
1123 2137 1215 2195 tad
1253 2136 1430 2188 Andr.
1460 2136 1568 2201 IV,
1608 2138 1671 2202 5,
1709 2137 1796 2200 2.)
1833 2134 2125 2188 auctoritas
2161 2140 2363 2188 tuetur.
2399 2164 2470 2173 —-
2502 2150 2741 2202 „conf-

426 2210 743 2267 cludere
787 2207 1031 2271 sulco,
1105 2203 1307 2260 fossam
1361 2204 1598 2269 ducere,
1661 2202 1895 2256 definire
1944 2200 2169 2255 aedium
2217 2200 2387 2255 situm
2435 2218 2500 2255 ac
2547 2204 2741 2257 locum

426 2280 578 2333 fossa
617 2278 773 2330 sacta.
844 2275 989 2325 Male
1041 2272 1118 2325 de
1166 2281 1345 2325 aratro
1391 2271 1706 2354 cogitant.“
1744 2269 1834 2326 H.
1871 2300 1939 2312 —
2005 2268 2124 2322 426.
2160 2307 2211 2338 ‚,
2229 2268 2419 2323 Iura
2464 2279 2597 2324 sunt
2645 2270 2742 2324 iu-

430 2347 607 2413 dicia,
660 2361 765 2397 usu
802 2341 1076 2407 sollenni,
1129 2339 1186 2392 h.
1223 2342 1261 2392 l.
1313 2338 1419 2408 ipsi
1459 2340 1693 2394 iudices.
1775 2337 2068 2391 Habentur
2114 2336 2283 2405 igitur
2338 2337 2565 2390 comitia
2613 2355 2743 2392 cre-

326 2439 332 2450 *
428 2414 592 2467 andis
643 2408 955 2475 iudicibus,
1005 2405 1422 2479 magistratibus
1460 2417 1514 2459 et
1540 2404 1907 2461 senatoribus.
1976 2409 2054 2459 Ita
2094 2405 2357 2477 equidem
2385 2405 2741 2474 interpretor.

428 2485 570 2536 Nam
605 2480 651 2534 si
680 2478 819 2531 iura
846 2480 970 2531 loca
998 2475 1138 2541 sint,
1176 2474 1275 2528 ubi
1315 2475 1399 2529 ius
1441 2474 1675 2533 dicitur,
1721 2475 1926 2528 durum
1960 2473 2041 2528 sic
2076 2470 2266 2543 legere
2298 2471 2477 2543 ὑινας
2518 2476 2742 2548 etquid

428 2559 548 2602 tum
579 2545 767 2616 legere
795 2542 1193 2614 magistratus,
1228 2545 1530 2596 senatum?
1563 2541 1868 2595 Debebunt
1890 2542 2101 2596 scilicet
2129 2551 2184 2593 et
2208 2541 2265 2594 hi
2291 2558 2393 2609 pro
2417 2540 2603 2596 curiis
2630 2561 2741 2613 po-

430 2616 523 2678 siti
556 2612 813 2683 intelligi,
848 2611 904 2663 h.
934 2629 982 2662 e.
1017 2627 1118 2678 pro
1145 2610 1301 2675 locis,
1333 2607 1428 2661 ubi
1462 2609 1540 2662 illi
1565 2610 1922 2665 conveniant.
1950 2610 2141 2663 Burm.
2169 2606 2309 2663 iura
2331 2607 2744 2678 magistratus·
2808 2628 2811 2631 ·

471 2701 543 2737 ue
575 2674 924 2750 magistratus
952 2677 1214 2730 iuridicos
1232 2716 1245 2742 ‚
1277 2675 1373 2747 qui
1409 2677 1492 2730 ius
1520 2677 1723 2741 dicant,
1753 2676 2010 2747 explicat.
2081 2678 2189 2730 Sed
2217 2674 2578 2746 cogitandum
2608 2689 2743 2746 erat,

489 2765 685 2802 eneam
719 2747 790 2803 de
814 2754 1002 2798 monte
1023 2743 1451 2813 prospicientem
1480 2762 1543 2796 ea
1572 2744 1778 2807 omnia,
1804 2762 1949 2818 quae
1972 2743 2066 2799 hic
2091 2753 2393 2814 ponuntur,
2418 2743 2596 2800 oculis
2626 2748 2744 2802 suis

434 2831 791 2888 cognoscere.
871 2812 1032 2865 Unde
1089 2809 1257 2883 igitur
1300 2811 1611 2883 intelligere
1660 2831 1690 2864 e
1741 2812 2052 2886 longinquo
2099 2821 2341 2881 poterat,
2393 2812 2746 2882 magistratus

437 2883 708 2939 iuridicos
755 2897 908 2934 nunc
942 2879 1098 2947 legi?
1164 2878 1221 2932 Si
1271 2896 1492 2932 mecum
1540 2881 1892 2935 omnino.ad
1944 2875 2209 2948 comitia,
2251 2896 2395 2953 quae
2433 2880 2742 2951 habentur,

347 2988 354 2997 -
437 2954 675 3016 rel‘eras,
724 2945 1029 3002 tolerabilis
1078 2949 1272 3001 saltem
1308 2956 1391 3001 est
1425 2948 1586 3001 ratio.
1674 2949 1783 3002 Sed
1825 2950 1920 3002 vel
1955 2948 2036 3002 sic
2070 2948 2162 3000 hic
2195 2964 2392 3001 versus
2428 2947 2576 3002 inter
2607 2949 2747 3003 reli-

439 3036 584 3094 quos
619 3017 778 3092 quasi
812 3015 1127 3087 alienigena
1157 3014 1230 3068 ali
1275 3015 1360 3069 nis
1396 3013 1638 3081 habitat}
1674 3015 2136 3090 quandoquidem
2166 3033 2353 3088 neque
2386 3017 2748 3086 grammatico

442 3088 634 3161 aliquo
681 3086 909 3139 vinculo
960 3083 1156 3136 ceteris
1203 3087 1231 3135 a‘
1278 3083 1545 3152 nectitur,
1595 3101 1700 3139 nec
1748 3083 2022 3139 sententia
2062 3082 2184 3154 ipsa
2229 3083 2550 3154 colligaturg
2615 3103 2747 3139 nam

441 3157 661 3226 reliqua
696 3152 883 3206 omnia
930 3151 999 3204 ad
1035 3149 1284 3204 aedificia
1323 3169 1500 3218 nova,
1548 3170 1692 3224 quae
1727 3152 2065 3218 excitantur,
2115 3159 2384 3230 spectant.
2454 3154 2640 3222 Quare
2676 3153 2748 3206 de

447 3239 515 3274 eo
553 3216 815 3274 secundis
863 3219 1011 3273 curis
1043 3220 1396 3273 statuendum
1435 3218 1629 3277 finisset
1675 3239 1705 3273 a
1744 3216 2005 3286 Marone3
2055 3218 2165 3273 nisi
2201 3217 2468 3273 confictus
2508 3221 2602 3273 ille
2644 3218 2775 3274 l‘uit‘

447 3289 557 3342 alia
606 3304 774 3339 manu
829 3305 898 3339 ex
934 3299 991 3340 v:
1020 3289 1138 3341 507.
1194 3295 1249 3340 et
1285 3289 1429 3341 Aen.
1461 3289 1543 3354 V,
1580 3291 1699 3342 758.
1718 3287 1753 3315 “
1822 3290 1975 3341 Haec
2020 3286 2147 3355 H.,·
2200 3286 2297 3339 sed
2345 3296 2498 3340 recte
2550 3287 2746 3346 Wr..·

448 3354 705 3423 „Delevi
742 3353 1029 3407 asteriscos
1078 3352 1147 3405 ab
1185 3357 1256 3407 H.
1300 3355 1543 3423 positos:
1595 3372 1935 3428 quamquam
1986 3353 2135 3407 enim
2171 3353 2355 3406 Hand.
2392 3355 2462 3407 ad
2502 3357 2750 3408 Gronov.

449 3423 626 3478 Diatr.
661 3423 766 3475 loc.
808 3421 948 3474 infra
985 3422 1137 3473 laud.
1172 3423 1398 3474 damnat
1430 3423 1582 3475 hunc
1617 3441 1876 3487 versuum
1912 3423 2083 3476 modo
2118 3421 2259 3474 illud
2295 3431 2579 3490 teneatur,
2616 3422 2752 3477 Vir-

450 3492 649 3562 gilium
711 3487 960 3543 voluisse
1017 3489 1297 3542 variorum
1345 3491 1691 3557 studiorum,
1754 3508 1900 3573 quae
1958 3489 2255 3561 praecipue
2303 3490 2364 3542 in
2410 3508 2560 3543 nova
2612 3490 2753 3545 urbe

450 3560 675 3631 vigent,
725 3555 1026 3627 imaginem
1075 3555 1134 3608 h.
1169 3558 1209 3608 1.
1244 3554 1546 3624 exhibere3
1603 3576 1716 3631 qua
1768 3577 1829 3613 ιιι
1875 3576 1937 3612 re
1986 3558 2081 3611 vel
2114 3557 2358 3610 maxime
2392 3561 2577 3625 placet
2615 3559 2754 3614 ordo

452 3644 639 3682 rerum
676 3643 795 3678 non
828 3632 1080 3677 accurate
1117 3633 1392 3688 servatum
1445 3624 1528 3680 sic
1580 3644 1697 3679 non
1743 3624 2068 3693 miraberis,
2120 3625 2218 3678 sed
2271 3624 2532 3680 laudabis
2587 3626 2754 3679 etiam

453 3695 709 3763 poetam,
747 3692 900 3765 quod
942 3690 1088 3744 inter
1118 3708 1173 3745 v.
1201 3693 1322 3746 425.
1359 3702 1413 3745 et
1449 3695 1566 3746 427.
1597 3694 1727 3747 talia
1753 3692 2052 3759 interiecit,
2092 3709 2236 3765 qnae
2271 3691 2345 3745 ob
2381 3692 2560 3763 ipsam
2604 3693 2759 3747 veri-

457 3772 623 3815 tatem
653 3761 946 3814 delectant.
999 3759 1121 3825 An,
1150 3759 1192 3813 si
1214 3772 1375 3828 snpra
1402 3761 1663 3830 strepitus
1688 3779 1786 3831 per
1803 3771 1995 3816 stratas
2013 3760 2131 3814 vias
2152 3762 2587 3814 commeantium
2611 3770 2759 3814 recte

459 3837 952 3891 commemoratur,
983 3825 1085 3880 sori
1107 3843 1287 3880 rerum
1336 3846 1405 3881 ue
1424 3828 1727 3882 sorensium
1749 3831 2092 3883 mentionem
2115 3827 2170 3882 h.
2191 3831 2230 3880 l.
2254 3828 2441 3882 minus
2463 3828 2761 3882 commode

459 3897 578 3949 fieri
640 3893 1112 3961 existimabimus,
1172 3904 1267 3949 aut
1366 3896 1613 3950 ominem
1661 3899 1971 3950 Romanum
2024 3895 2084 3950 id
2131 3896 2483 3966 potissimum
2535 3894 2762 3951 silentio

461 3963 761 4032 praeterire
809 3964 1057 4032 potuisse
1105 3961 1467 4032 putabimus?
1539 3966 1606 4016 Et
1646 3964 1784 4018 iura
1818 3962 2041 4035 legere,
2135 3966 2244 4017 uod
2282 3981 2382 4034 pro
2424 3965 2507 4018 rie
2546 3964 2761 4017 dictum

464 4039 620 4098 putat
670 4033 913 4085 Gronov.
962 4029 1135 4084 Diatr.
1181 4033 1296 4083 1.1.
1344 4048 1400 4089 ο.
1425 4037 1476 4084 2.
1526 4048 1584 4101 p.
1618 4036 1695 4083 13.
1731 4033 1846 4099 (cs.
1897 4034 2060 4085 etiam
2093 3982 2340 4085 ‘becken
2437 4034 2546 4104 leg.
2598 4035 2761 4086 Rom.

464 4114 520 4162 p.
555 4099 704 4162 148.)
741 4118 839 4168 per
873 4116 1106 4170 zeugma
1143 4098 1537 4167 explicandum
1577 4099 1714 4151 mihi
1750 4099 2004 4165 videtur3
2043 4096 2152 4154 nisi
2188 4100 2329 4153 sorte
2365 4099 2767 4152 Lucretianum

464 4165 604 4217 illud
645 4168 958 4234 exprimere
992 4166 1170 4219 voluit
1201 4165 1472 4236 Virgilius
1507 4168 1579 4231 V,
1618 4166 1768 4220 1¹43.
1840 4166 2099 4240 luraque
2132 4166 2645 4236 constituere,
2683 4174 2768 4220 ut

469 4229 754 4285 vellent
790 4232 1083 4303 legibus
1115 4234 1257 4303 nt1'3
1296 4245 1362 4287 ut
1402 4265 1472 4275 --
1503 4232 1755 4314 legibus,
1814 4234 1859 4288 i.·
1896 4252 1946 4287 e.
1983 4234 2160 4296 οποίοις
2193 4237 2369 4295 νόμοις.
2444 4236 2524 4300 [Ε
2571 4235 2766 4288 uidem

467 4299 539 4352 de
576 4312 865 4368 zeugmate
890 4302 1244 4368 cogitandum
1272 4320 1507 4355 censent
1549 4321 1663 4355 iura
1693 4303 2034 4372 constituunt
2055 4304 2516 4374 magistratusque
2563 4311 2770 4373 egunt,

468 4365 566 4437 qui
602 4367 689 4420 ius
726 4368 939 4434 dicant,
973 4374 1124 4440 leges
1160 4370 1592 4436 administrent]
1664 4370 1720 4423 Si
1757 4369 1892 4441 quid
1932 4380 2119 4425 tamen
2153 4373 2215 4424 in
2247 4370 2353 4425 hac
2387 4368 2769 4439 descriptione

465 4434 1022 4503 reprehendendum,
1061 4438 1120 4492 id
1161 4441 1334 4495 l'ateor
1369 4438 1509 4495 mihi
1545 4438 1871 4511 displicere,
1907 4441 2094 4514 quod,
2139 4456 2316 4515 quum
2350 4455 2516 4509 supra
2546 4440 2770 4509 legatur
