2870 4981
995 316 1405 382 minimos
1445 317 1622 388 Lm.
1656 314 1706 388 ι’.
1785 314 1792 319 ·
2106 402 2111 410 ,
2424 327 2507 392 ⁷1

183 507 548 568 Teucrorum
568 553 584 582 ,
630 513 687 567 et
727 504 885 585 genti
930 525 1138 568 nomen
1181 507 1337 569 dedit
1384 527 1663 589 armaque
1704 507 1838 572 fixit

183 593 407 677 Τπ-(ᾔεις
458 611 606 651 nnnc
646 590 889 672 placida⁸
918 602 1247 672 compostus
1292 613 1433 674 pace
1476 593 1755 673 quiescit:
2111 638 2116 645 =

180 678 343 751 NoS,
392 685 494 736 tua
538 676 876 755 progenies»,
921 677 1069 737 coeli
1115 678 1325 758 quibus
1373 679 1586 741 adnuis
1629 700 1860 761 arcem,
2377 683 2507 751 250

180 762 453 835 Navibus
498 760 833 822 infandum!
881 761 1156 843 amissis),
1201 764 1370 826 nnius
1418 767 1492 826 ob
1533 764 1685 827 iram

179 983 249 1051 4,
285 980 378 1052 g.]
429 979 729 1058 etgenti
773 995 1027 1033 nomeu
1072 981 1321 1053 dedit3
1370 992 1427 1037 at
1471 982 1686 1064 quale?
1733 980 1931 1037 dicunt
1960 981 2504 1059 Antenoriden-um,-

181 1051 333 1123 apud
384 1049 576 1118 poetas
614 1047 855 1120 -utique3
926 1046 1034 1114 [cf.
1079 1052 1303 1105 Messal.
1351 1050 1582 1106 Corvnn.
1633 1052 1705 1105 de
1747 1064 1979 1122 progen.
2028 1052 2176 1124 Aug.
2208 1056 2330 1121 10.]
2384 1062 2504 1113 non

181 1136 322 1173 vero
356 1118 588 1170 vultrare
637 1133 883 1170 nomen:
935 1116 1034 1170 sed
1076 1115 1433 1174 Venetorum
1466 1137 1708 1187 nomen,
1759 1120 1913 1192 quod
1964 1121 2136 1201 vulgo
2176 1132 2394 1178 veteres
2427 1123 2506 1177 ab
2585 1120 2588 1125 ’

183 1184 431 1243 Henetis
459 1159 902 1253 Paphlagoniae,
956 1202 1100 1256 quos
1133 1186 1408 1242 Antenori
1430 1188 1576 1242 viae
1609 1188 1794 1243 socios
1828 1187 2003 1243 fnisse
2040 1198 2227 1256 aiunt,
2267 1190 2501 1246 ductum

181 1272 308 1310 esse
346 1254 565 1305 volunt.
600 1277 667 1291 -
700 1270 1058 1326 armaque
1082 1252 1305 1333 fixit
1347 1255 1626 1323 Troia,
1665 1272 1802 1326 pace
1838 1273 1915 1308 sc.
1954 1266 2008 1309 et
2041 1258 2346 1328 tranquillo
2384 1258 2501 1314 otio

179 1330 374 1394 part03
432 1319 587 1398 quod
636 1321 794 1374 suavi
840 1338 1026 1386 rerum
1079 1321 1324 1392 imagine
1377 1323 1660 1390 reddidit,
1722 1324 1890 1392 petita
1943 1324 2039 1378 illa
2088 1322 2312 1393 abiis,
2366 1326 2497 1399 qui,

177 1388 382 1445 militia
419 1386 572 1441 missi
593 1427 607 1453 ,
642 1406 794 1442 arma
831 1387 1257 1458 suspendebant
1289 1401 1344 1445 et
1377 1389 1644 1461 figebant.
1713 1392 1829 1460 (Cf.
1865 1393 2010 1445 Aen.
2040 1394 2136 1458 IV,
2171 1393 2291 1449 495.
2329 1411 2500 1448 arma

170 1458 320 1527 fixa
353 1453 629 1511 thalamo.
673 1456 772 1517 W
771 1457 832 1521 .)
905 1457 1012 1523 [De
1052 1457 1231 1511 forma
1271 1458 1491 1515 Troius
1524 1458 1640 1512 vid.
1677 1477 1844 1528 supra
1880 1460 1950 1512 ad
1990 1477 2042 1514 v.
2078 1461 2216 1525 119.]
2291 1460 2344 1515 N
2357 1478 2497 1516 unc

171 1523 515 1598 placida
553 1535 983 1593 compostus
1011 1542 1200 1594 pace
1231 1526 1587 1599 quiescit.
1660 1530 1765 1582 Pro
1799 1527 2041 1597 simplici
2119 1527 2318 1587 uiescit
2354 1529 2501 1582 dixit

180 1590 530 1673 coqtpositus
561 1590 823 1670 quiescit.
897 1595 1043 1646 Sane
1073 1594 1339 1663 componi
1368 1592 1626 1648 absolute
1661 1595 1867 1650 mortui
1905 1596 2076 1648 dicun
2103 1613 2196 1661 ur,
2233 1606 2289 1649 et
2322 1595 2501 1651 iidem

179 1676 494 1737 quiescere.
568 1662 640 1713 At
689 1661 930 1714 Veneris
967 1660 1238 1726 consilio,
1291 1680 1406 1734 qup
1461 1663 1568 1715 hoc
1603 1665 1926 1733 exemplum
1963 1662 2148 1729 affert,
2199 1681 2318 1718 non
2352 1680 2498 1718 con-

181 1727 436 1792 veniret,
466 1727 790 1782 -Antenoris
825 1738 1061 1783 monem
1081 1726 1385 1796 placidam
1417 1731 1666 1785 laudare.
1736 1731 1846 1784 Sed
1886 1730 2221 1797 dicendum,
2271 1732 2497 1800 poetam

177 1796 238 1852 h.
268 1797 308 1848 1.
344 1794 719 1864 compositum
752 1813 904 1850 novo
939 1799 1199 1864 exemplo
1228 1815 1561 1866 usurpasse,
1599 1807 1659 1851 nt
1690 1815 1921 1853 sensum
1958 1798 2304 1865 intenderet,
2337 1808 2497 1851 tran-

179 1864 362 1937 quilla
394 1863 505 1915 vita
542 1862 648 1915 frui
684 1865 1060 1930 Antenorem,
1116 1873 1175 1917 ut
1207 1881 1270 1917 se
1297 1882 1635 1946 componet-e
1664 1865 1930 1919 dicuntur
1965 1866 2037 1932 ii,
2086 1865 2183 1937 qui
2215 1882 2280 1923 se
2318 1866 2496 1940 quieti

180 1940 321 1989 dant
355 1947 418 1983 ac
460 1948 680 1985 somno.
750 1934 863 1991 Nec
902 1949 1042 2001 pax
1087 1931 1321 1986 mortuis
1369 1932 1651 1986 tribuitur.
1669 1934 1705 1960 “
1739 1933 1828 1988 H.
1900 1935 2311 1988 Adsentiuntur
2360 1934 2496 1991 hnic

180 1998 576 2070 explicationi,
613 1999 721 2051 iam
749 2002 1072 2053 But-manno
1104 1997 1369 2068 probatae
1396 2000 1527 2074 (qui
1555 2001 1796 2055 conferri
1827 2000 1983 2054 iubet
2013 2003 2225 2055 adnott.
2261 2001 2329 2054 ad
2369 2003 2492 2054 Val.

180 2072 267 2124 Fl.
298 2068 389 2133 V,
437 2069 554 2122 296.
607 2067 676 2119 ad
725 2068 895 2122 Rutil.
927 2070 981 2132 l,
1040 2069 1152 2121 161.
1210 2079 1265 2120 et
1311 2069 1459 2122 infra
1510 2070 1579 2122 ad
1631 2070 1775 2122 Aen.
1807 2073 1914 2136 111,
1961 2068 2153 2134 382),
2205 2068 2492 2122 Schirach.

180 2157 238 2210 p.
268 2133 390 2191 362.
417 2144 469 2187 et
499 2134 667 2189 Bach.
695 2136 763 2188 ad
793 2135 960 2188 Ovid.
986 2138 1117 2188 Met.
1144 2138 1259 2202 Vll,
1285 2136 1406 2190 444.
1476 2135 1680 2193 Verius
1706 2147 1892 2189 tamen
1922 2136 2071 2197 Wr.
2091 2154 2112 2193 .·
2137 2138 2287 2201 „Sed
2320 2135 2496 2190 verba

168 2203 427 2278 placida
453 2213 777 2283 compostus
800 2220 953 2271 pace
983 2203 1223 2276 quiescit
1258 2213 1318 2258 ut
1352 2205 1423 2257 de
1451 2214 1631 2258 morte
1663 2203 2031 2273 accipiamus,
2067 2205 2290 2262 videtur
2327 2204 2491 2258 totius

179 2270 451 2329 orationis
486 2273 639 2324 color
691 2279 746 2323 et
790 2268 1017 2327 habitus
1049 2271 1370 2325 admonere.
1443 2275 1582 2326 Nam
1616 2290 1793 2344 quum
1849 2272 1999 2351 pacis
2051 2272 2265 2344 otiique
2310 2271 2501 2339 signi-‘

178 2341 498 2396 ficationem
535 2337 858 2396 contineant
891 2340 1469 2407 vsa-praecedente&
1518 2357 1636 2393 non
1685 2348 1887 2407 poterit
1934 2337 2066 2391 huic
2101 2355 2287 2391 return
2324 2337 2493 2393 statui

180 2410 336 2464 idem
386 2406 596 2475 opponi
646 2424 746 2475 per
793 2424 985 2475 nunc,
1050 2416 1364 2476 temporum
1424 2424 1728 2487 rerumque
1775 2406 2153 2460 diversitatem
2208 2405 2496 2481 quandam

178 2477 464 2534 indicans.
527 2476 697 2530 Porro
744 2474 851 2529 hoc
887 2476 1078 2528 deerat
1122 2473 1568 2530 absolutissimae
1615 2474 1894 2532 telicitatis
1929 2474 2191 2548 imagini,
2245 2482 2305 2530 ut
2339 2472 2495 2527 hunc

178 2563 373 2602 rerum
422 2558 647 2597 suarum
696 2561 922 2597 cursum
970 2562 1034 2597 us
1079 2561 1151 2596 ue
1200 2543 1268 2596 ad
1325 2544 1503 2613 ipsius
1536 2551 1775 2598 mortem
1822 2543 1994 2597 fuisse
2035 2545 2229 2597 Venus
2263 2541 2492 2596 diceret.

179 2619 380 2686 Neque
431 2608 671 2689 absurda
718 2613 789 2664 de
833 2621 1013 2666 morte
1104 2612 1354 2686 meno-ris
1411 2612 1656 2679 mentio,
1717 2629 1892 2687 quum
1948 2610 2020 2662 ab
2070 2610 2192 2678 ipso
2243 2613 2493 2663 Homero
2597 2633 2602 2646 ·

179 2684 332 2737 inter
367 2696 616 2736 seniores
651 2680 926 2737 Troianos
972 2688 1310 2736 memoretur
1343 2681 1617 2733 Antenor.
1685 2679 1891 2734 Pacis
1926 2688 2112 2733 antem
2149 2675 2494 2732 vocabulum

180 2751 530 2823 Quamquam
566 2749 747 2804 solum
784 2765 884 2815 per
940 2765 1000 2802 se
1038 2765 1152 2800 non
1187 2746 1462 2818 significat
1494 2747 1701 2802 mortui
1736 2747 2016 2818 quietem,
2063 2756 2254 2800 tamen
2293 2744 2366 2800 in*
2389 2745 2494 2798 hac

180 2817 454 2884 orationis
501 2814 905 2884 compositione
956 2825 1104 2868 recte
1156 2815 1230 2868 ita
1276 2815 1386 2869 dici
1477 2814 1711 2868 oterit.“
1782 2814 1866 2867 cf.
1914 2814 2083 2868 etiam
2131 2813 2299 2869 Ovid.
2347 2815 2493 2867 Fast.

182 2890 252 2939 nt
274 2926 292 2953 ,
329 2885 447 2940 547.
522 2882 989 2958 Gmnpositusque
1031 2881 1210 2950 cinis,
1261 2893 1379 2940 tum
1449 2882 1580 2958 ique
1622 2881 2017 2941 irs-marmore
2059 2899 2310 2940 carmen.
2350 2878 2493 2934 ibid.

182 2956 273 3020 V,
308 2954 431 3008 426.
499 2951 697 3005 Busta
747 2949 844 3006 avi
887 2950 1204 3019 compositi.
1286 2951 1510 3020 Quinct.
1566 2952 1723 3005 Decl.
1759 2953 1895 3015 mr,
1937 2949 2019 3001 14.
2056 2966 2112 3019 p.
2142 2952 2260 3002 255.
2326 2944 2498 3005 Nihil

170 3019 557 3093 joannatius
600 3016 665 3071 in
709 3028 949 3072 aeterna
978 3018 1113 3071 sede
1144 3027 1437 3096 utcunque
1472 3016 1799 3087 compositis
1822 3027 2006 3086 puto,
2058 3014 2159 3072 ubi
2194 3016 2311 3069 vid.
2346 3017 2495 3070 Bur-

185 3106 384 3146 mann.
442 3090 614 3153 (Hor.
669 3088 781 3139 Sat.
811 3089 866 3151 Ι,
914 3087 981 3152 9,
1033 3091 1118 3139 27.
1176 3086 1343 3140 ovid.
1392 3088 1524 3140 Met.
1559 3088 1686 3151 VII,
1721 3086 1841 3139 444.
1891 3082 2108 3138 Tibull.
2139 3087 2235 3150 111,
2284 3089 2351 3143 2,
2405 3083 2492 3135 26.
2559 3123 2567 3140 .

184 3159 446 3226 Prop.11,
475 3154 562 3219 24,
602 3156 686 3208 33.
721 3152 857 3222 etc.)
895 3154 1050 3206 lahn.
1087 3153 1328 3209 conferri
1362 3152 1521 3206 iubet
1545 3154 1838 3206 'Handium
1874 3152 1945 3208 ad
1982 3155 2112 3207 Stat.
2150 3152 2287 3207 silv.
2326 3153 2493 3204 Tom.

186 3228 229 3278 1.
258 3242 318 3294 p.
346 3226 430 3278 50.
500 3226 586 3276 De
611 3221 787 3275 forma
811 3232 1135 3291 compostus
1158 3220 1230 3276 cf.
1257 3237 1425 3289 supra
1447 3220 1515 3272 ad
1550 3237 1605 3272 v.
1634 3222 1720 3274 26.
1745 3220 1957 3274 adnott.
1987 3251 2058 3261 -
2105 3224 2222 3275 250.
2249 3221 2495 3298 „Magno

187 3310 322 3348 cum
359 3290 590 3346 artificio
636 3306 697 3343 se
735 3290 913 3358 ipsam
964 3289 1096 3344 facit
1129 3306 1299 3343 unam
1350 3306 1419 3342 ex
1457 3287 1748 3355 Troianis,
1799 3288 1899 3361 qui
1939 3287 2197 3343 iniuriam
2231 3289 2493 3341 tulerint:

187 3361 388 3427 Nos,
439 3363 574 3416 tua
619 3356 1060 3427 progenies,
1111 3355 1389 3437 quibus
1432 3354 1707 3411 annuis
1751 3372 2000 3414 arcem
2050 3354 2282 3423 coeli,
2336 3354 2392 3409 h.
2441 3370 2494 3408 e.

189 3429 446 3493 coelum,
499 3425 775 3495 promittis
820 3425 1071 3479 Aeneam
1121 3434 1247 3496 post
1295 3434 1533 3478 mortem
1584 3422 1731 3479 inter
1773 3426 1924 3479 Deos
1969 3424 2037 3482 iri
2086 3426 2355 3477 relatum:
2420 3419 2496 3475 cf.

192 3514 330 3550 mox
369 3514 424 3548 v.
452 3494 626 3550 259.“
664 3492 751 3548 Η.
827 3492 930 3553 W
922 3490 1153 3552 eickm.
1204 3504 1390 3550 tamen
1434 3493 1695 3546 adnotat:
1744 3494 1922 3559 „Non
1952 3492 2177 3545 videtur
2208 3488 2500 3561 proprium

195 3563 421 3635 Virgilii
472 3560 797 3627 artificium,
846 3563 1092 3631 vulgaris
1136 3562 1322 3632 potius
1369 3559 1474 3614 sori
1510 3561 1747 3615 Romani
1780 3577 1936 3628 moS,
1983 3558 2296 3616 cuiusmodi
2338 3560 2501 3624 plura

191 3632 479 3686 transtulit
516 3631 573 3682 in
596 3647 831 3681 ¹carmen
870 3647 1034 3682 suum
1068 3628 1354 3700 Virgilius.
1423 3628 1507 3683 Cs.
1544 3628 1658 3682 Cic.
1696 3645 1800 3697 pro
1836 3631 1997 3685 Roso.
2026 3629 2153 3681 Am.
2190 3627 2259 3692 ᾗῇ.
2286 3631 2338 3678 7.
2374 3622 2507 3686 (ubi.
2540 3678 2544 3682 .

190 3700 317 3753 vid.
354 3699 597 3763 Weisk.)
634 3698 720 3749 32.
754 3696 839 3751 94.
870 3696 1028 3751 145.“
1052 3728 1122 3740 —
1155 3699 1418 3755 adnuere
1492 3696 1793 3763 κατανεύειν,
1833 3706 1969 3750 nutu
2008 3694 2346 3766 promittere.
2416 3689 2502 3742 Cf.

192 3768 344 3821 infra
378 3769 502 3832 XII,
535 3768 644 3818 187.
682 3767 817 3818 Hor.
860 3766 966 3818 Od.
997 3768 1093 3831 IV,
1131 3768 1184 3830 6,
1221 3770 1305 3818 22.
1438 3764 1495 3833 i,
1531 3763 1653 3822 tuis
1683 3764 1869 3822 vicum
1909 3762 1976 3818 V
1969 3760 2266 3832 metisque
2285 3767 2504 3827 gratae

96 3897 101 3906 ,
201 3834 502 3901 Vocibus,
553 3832 745 3887 divam
779 3843 960 3902 pater
1006 3832 1305 3890 adnuisset
1338 3831 1543 3887 Rebus
1573 3832 1811 3889 Actaeae
1834 3830 2067 3901 potiore
2105 3830 2310 3881 ductos
2343 3822 2506 3880 Alite

196 3920 422 3957 muros,
499 3903 623 3955 Val.
673 3903 754 3954 Fl.
794 3903 845 3966 l,
879 3901 965 3954 40.
1031 3901 1213 3957 Heme
1266 3899 1407 3956 milti
1450 3899 1715 3957 militiam
1757 3929 1786 3941 -
1838 3927 1866 3944 ··
1917 3898 2155 3954 Adnue.
2246 3892 2508 3946 Ceterum

203 3969 360 4030 Wr.
398 3970 545 4023 bene
586 3970 879 4034 admonet,
934 3969 1036 4024 hos
1066 3987 1267 4024 vorsus
1343 3973 1462 4022 250.
1505 3986 1632 4050 sqq.
1654 4007 1670 4035 ,
1725 3965 1938 4037 opponi
1973 3963 2161 4020 versui
2196 3963 2315 4015 247.
2342 3979 2368 4015 s
2413 3979 2504 4031 q.,

194 4036 305 4090 ubi
342 4046 582 4093 tamen
626 4054 746 4090 rem
782 4029 1025 4109 quodar‘n
1062 4036 1235 4091 modo
1268 4001 1536 4089 attenuet
1569 4035 1952 4113 significetque
1988 4031 2104 4083 fere
2135 4031 2174 4084 i.
2214 4049 2270 4102 q.
2304 4047 2334 4084 s
2398 4037 2508 4081 tem

197 4106 361 4175 (vid.
401 4108 469 4158 ad
510 4107 627 4157 Ecl.
655 4109 742 4170 X,
775 4105 903 4170 31.)
924 4145 937 4169 ,
974 4105 1046 4157 ita
1083 4114 1145 4158 ut
1180 4105 1318 4160 haec
1351 4104 1587 4173 prodeat
1621 4111 1923 4158 sententia:
1963 4101 2117 4167 „Ille
2148 4101 2346 4155 saltem
2378 4113 2507 4152 cer-
2579 4157 2584 4158 γ

196 4184 318 4228 tam
368 4174 565 4228 sedem
612 4173 831 4226 invenit
857 4173 1257 4247 Pataviumque
1300 4171 1588 4227 condidit:
1636 4171 1892 4234 Aeneae,
1947 4166 2039 4222 cui
2085 4169 2264 4220 multo
2297 4166 2510 4220 maiora

197 4252 374 4314 atque
404 4243 599 4311 ipsum
654 4242 874 4293 coelum
908 4241 1191 4309 pollicitus
1225 4258 1316 4305 es,
1362 4257 1439 4294 ne
1484 4240 1691 4309 pedem
1733 4237 1967 4312 quidem
2015 4235 2075 4289 in
2110 4234 2266 4289 Italia
2302 4247 2511 4304 ponere

199 4310 540 4381 contingit.“
575 4339 645 4351 -
712 4312 833 4363 251.
863 4307 887 4360 i
900 4326 937 4362 n
937 4308 1145 4378 saud
1158 4309 1306 4363 um!
1338 4308 1523 4362 hicet
1556 4309 1656 4361 Ge.
1685 4309 1726 4374 1,
1762 4306 1880 4360 479.
1916 4302 2315 4359 interiectionis
2343 4298 2514 4355 modo

210 4377 642 4448 interpositum,
693 4385 755 4428 nt
796 4375 927 4429 alibi
971 4375 1274 4448 indignum
1311 4376 1520 4440 (ovid.
1554 4378 1687 4429 Met.
1723 4375 1809 4440 V,
1843 4375 1929 4427 36.
1963 4373 2046 4427 id.
2076 4374 2203 4427 Am.
2229 4373 2284 4438 I,
2321 4372 2390 4436 6,
2424 4364 2513 4428 L)

200 4444 431 4504 nalum
478 4445 642 4514 (Cic.
693 4445 966 4513 Verr.,11,
1003 4450 1064 4513 1,
1103 4450 1191 4525 20.
1238 4443 1384 4503 Phil.
1417 4449 1508 4514 X,
1543 4447 1612 4513 9,
1648 4446 1737 4514 18,
1774 4445 1912 4499 Ter.
1944 4445 2169 4499 Phorm.
2207 4441 2292 4506 V,
2326 4438 2536 4505 725⁵·-
