2870 4981
388 327 477 391 70
798 276 803 290 ’
1114 322 1185 385 P.
1225 318 1559 383 vmfflLu
1602 316 1969 391 MARoms

392 512 640 596 Imperio
681 507 976 590 explebit,
1022 528 1379 587 regnumque
1420 510 1498 570 ab
1539 507 1679 569 sede
1720 505 1960 568 Lavini
2567 506 2697 580 27¹0

388 599 761 675 Transferet,
804 605 861 657 et
900 595 1138 673 longum
1180 594 1362 656 multu
1401 594 1464 655 vi
1506 593 1722 657 muniet
1762 591 1996 657 Albam.

388 685 503 747 Hic
544 684 663 743 iam
711 691 798 743 ter
841 689 1069 740 eentum
1111 686 1257 739 totos
1298 678 1643 758 regnabitur
1684 697 1868 739 annos

392 770 577 832 Gente
619 769 729 829 sub
773 766 1096 826 Hectorea:
1144 766 1322 825 donee
1363 763 1572 843 regina
1607 763 1885 825 ”sacerdos

387 855 583 916 Marte
627 850 837 937 gravis·
871 837 1164 930 geininam
1204 858 1371 930 partu
1415 847 1592 917 dabit·
1613 847 1726 909 Ilia
1766 845 2009 928 prolem.

384 1061 559 1112 XXX
591 1071 772 1109 annos
818 1050 1065 1121 irnperio,
1092 1048 1372 1121 explebit,
1422 1067 1603 1125 quum
1645 1064 1884 1120 regnum
1930 1046 2239 1104 transferet.
2303 1047 2369 1104 Si
2398 1058 2590 1103 tomen
2628 1051 2699 1103 ad

386 1139 750 1181 communem
795 1119 1209 1193 grammatioam
1260 1120 1534 1175 rationem
1590 1117 1764 1173 verba
1797 1116 2035 1187 accipis,
2086 1117 2232 1170 nihil
2267 1117 2466 1172 definit
2500 1119 2697 1187 poeta,

386 1195 486 1248 sed
530 1190 828 1246 Ascanium
864 1191 1036 1242 XXX
1084 1203 1261 1241 annos
1309 1205 1434 1242 esse
1459 1190 1869 1256 regnaturum,
1918 1187 2066 1238 etin
2105 1185 2216 1239 hoc
2247 1187 2406 1255 regni
2443 1194 2701 1256 tempore

385 1259 590 1314 urbem
638 1274 844 1311 novam
893 1255 1252 1309 conditurum
1298 1257 1393 1309 ait.
1465 1257 1574 1309 Sed
1615 1254 1772 1326 ptius
1811 1271 1948 1306 cum
1976 1254 2175 1322 poetae
2208 1252 2520 1308 rationibus
2549 1270 2701 1308 con-

312 1342 321 1347 ’
383 1330 572 1394 venit3
611 1326 682 1381 of.
723 1324 823 1378 inf.
860 1326 1017 1390 V111,
1050 1323 1138 1375 42.
1176 1323 1264 1376 47.
1297 1325 1385 1378 48.
1437 1322 1690 1390 orbes,
1729 1339 1937 1387 annos,
1972 1339 2309 1391 magnQS,
2365 1325 2601 1391 longos,
2639 1330 2704 1376 ut

384 1396 559 1463 alibi,
610 1393 858 1463 epitheto
907 1407 978 1449 ex
1024 1400 1221 1444 natura
1267 1391 1402 1445 anni
1440 1392 1760 1460 depromto,
1852 1399 2086 1443 uatenus
2132 1389 2705 1459 plurium-mensium

385 1463 561 1534 spatia
596 1458 1040 1530 comprehendit.
1106 1458 1411 1539 Argutatur
1434 1456 1683 1513 Macrob.
1724 1458 1782 1510 ‘n
1805 1408 2011 1511 guum.
2049 1458 2198 1528 Soip.
2228 1460 2293 1526 11,
2329 1463 2505 1511 11.·et
2536 1459 2702 1510 Serv.

387 1547 518 1585 cum
569 1530 693 1584 aliis
741 1523 1135 1594 interpretibus
1179 1544 1240 1579 in
1289 1526 1344 1579 h.
1395 1545 1454 1581 v.
1534 1529 1600 1579 In
1647 1527 1764 1579 Ecl.
1799 1528 1907 1592 lV,
1959 1531 2041 1578 12.
2094 1524 2229 1592 [uhi
2277 1526 2396 1579 vid.
2445 1526 2704 1592 adnott.]

385 1599 583 1669 ”mgni
603 1612 819 1650 menses
842 1595 957 1648 vim
990 1592 1198 1648 habere
1233 1605 1467 1664 possunt
1505 1613 1536 1648 e
1565 1593 1786 1666 reliqna
1809 1592 2058 1647 oratione
2076 1633 2091 1659 ,
2128 1603 2191 1646 ut
2212 1611 2458 1665 magmas
2479 1608 2701 1660 anmss,

385 1665 584 1737 mcaegm‘
617 1664 772 1731 dies,
824 1662 957 1735 quia
996 1662 1188 1716 multis
1220 1661 1473 1731 partibus
1507 1671 1789 1727 constant,
1843 1664 2020 1714 multa
2051 1679 2291 1716 numero
2320 1661 2707 1732 comprehen-

387 1734 547 1787 dunt.
614 1729 1006 1786 volvendis
1062 1730 1478 1799 mensibus,
1540 1730 1639 1812 qui
1701 1733 2039 1796 volvuntur,
2097 1731 2339 1784 volvunt
2399 1729 2535 1785 se.“
2602 1726 2698 1783 H.

386 1801 745 1872 Participium
790 1797 964 1852 futuri
1011 1798 1218 1867 passivi
1271 1807 1334 1850 ut
1382 1797 1737 1867 participium
1783 1796 2094 1867 praesentis
2129 1798 2336 1867 passivi
2369 1806 2706 1866 usurpatum

384 1871 626 1940 legimus
662 1868 831 1920 etiam
862 1868 961 1932 IX,
985 1869 1038 1918 7.
1071 1863 1352 1920 volvmda
1385 1866 1544 1933 dies,
1585 1866 1625 1919 i.
1653 1881 1721 1917 e.·
1744 1883 1804 1919 se
1836 1865 2110 1932 volvenst,
2147 1881 2393 1937 quocum
2420 1866 2495 1919 os.
2528 1882 2598 1918 su
2643 1881 2707 1917 ra

385 1954 444 1993 v.
471 1941 590 1991 234.
627 1945 683 1989 et
714 1937 921 2004 WVagn.
959 1936 1066 2004 Qu.
1106 1934 1254 2004 Virg.
1285 1937 1498 2000 XXIX,
1526 1936 1609 2000 4.‚
1707 1933 1747 1986 ii
1781 1933 1892 1985 huc
1915 1933 2089 1985 ,etiam
2118 1933 2286 1986 refert
2320 1935 2463 1987 Aen.
2486 1936 2529 1999 1,
2555 1932 2590 1983 4
2666 1969 2703 1996 .,

390 2005 491 2060 nbi
521 1998 668 2058 (vich
731 2004 942 2055 adnott.
1026 2001 1256 2058 Wakef.
1317 2004 1385 2054 ad
1435 2005 1600 2055 Lucr.
1705 2041 1719 2067 ,
1766 2001 1889 2053 643.
1941 1998 2078 2067 (ubi
2128 2001 2368 2071 legimus
2416 1999 2704 2069 (stenae)

391 2071 562 2150 Quae
605 2070 838 2127 volvunt
880 2086 1119 2140 magnos
1166 2068 1229 2123 iu
1272 2069 1500 2140 magnis
1545 2068 1783 2124 orbibus
1830 2071 2050 2136 annos)
2093 2068 2232 2122 haee
2261 2069 2435 2123 verba
2471 2069 2554 2123 sic
2593 2086 2706 2120 ex·-

387 2141 587 2211 piicat:
621 2156 835 2210 „regno
862 2139 1103 2208 potietur
1134 2137 1360 2217 triginta
1397 2140 1653 2207 plenos
1689 2154 1896 2201 armos,
1934 2154 2035 2205 per
2066 2136 2361 2202 circuitum
2396 2136 2707 2191 duodecim

386 2211 702 2273 mensium,
736 2206 916 2259 nihilo
956 2204 1362 2271 deficientium,
1398 2206 1684 2259 exactos.“
1717 2233 1786 2251 --
1853 2209 1972 2258 270.
2005 2204 2094 2259 ab
2127 2207 2319 2259 sede.
2384 2207 2475 2259 Sic
2499 2204 2704 2258 Heins-

387 2293 421 2329 ο
471 2278 621 2330 Med.
669 2280 830 2329 Rom.
884 2274 1122 2345 aliisque
1171 2273 1332 2326 libris
1383 2271 1731 2327 melioribus.
1802 2270 1887 2324 Cf.
1929 2271 2076 2327 (ἔοι-1.
2126 2273 2197 2325 ad
2234 2276 2531 2340 Lucan.1‚
2573 2273 2703 2325 482.

388 2346 577 2398 Hand.
610 2348 775 2397 Turs.
802 2346 843 2395 1.
878 2359 934 2412 p.
964 2343 1014 2395 5.
1042 2358 1126 2415 sq.
1164 2351 1219 2393 et
1256 2341 1470 2395 adnott.
1513 2342 1582 2394 ad
1619 2344 1717 2395 Ge.
1745 2345 1793 2405 I,v
1818 2346 1932 2393 171.
2004 2345 2089 2394 De
2126 2341 2372 2409 genitivo
2406 2339 2707 2395 Lavini

392 2431 423 2465 a
461 2429 586 2466 voc.
621 2410 776 2465 sedis
819 2410 1104 2479 pendente
1137 2409 1448 2462 Weickert.
1485 2412 1523 2462 1.
1562 2413 1598 2462 1.
1636 2409 1879 2463 conferri
1914 2407 2070 2463 iubet
2101 2402 2204 2475 111,
2244 2414 2362 2465 295.
2403 2412 2535 2474 VII,
2575 2411 2703 2463 697.

386 2482 507 2536 714.
556 2481 709 2544 VIII,
766 2483 883 2532 231.
932 2482 1018 2544 X,
1068 2478 1156 2532 68.
1194 2496 1278 2549 sq.
1328 2479 1480 2531 Suet.
1534 2479 1725 2532 Octav.
1773 2495 1822 2530 c.
1858 2477 1943 2534 94.
1992 2478 2227 2548 Seysert.
2276 2480 2523 2531 Granum.
2574 2479 2702 2531 Lat.

387 2549 430 2616 §.
465 2551 615 2599 1230.
651 2550 714 2598 Π.
752 2546 975 2599 Ramsh.
1009 2562 1067 2614 p.
1095 2549 1210 2599 167.
1248 2545 1338 2597 ed.
1365 2548 1406 2596 1.
1451 2546 1530 2612 [§.
1560 2549 1677 2598 106.
1717 2545 1775 2598 b.
1816 2563 1870 2616 p.
1901 2550 2018 2599 313.
2047 2566 2133 2620 sq.
2173 2548 2261 2598 ed.
2290 2549 2369 2610 2.]
2397 2547 2589 2599 Beier.
2629 2547 2706 2598 ad

389 2616 507 2669 cic.
554 2613 661 2667 Off.
705 2616 782 2679 ΙΙ,
831 2615 893 2679 5,
954 2615 1035 2664 16.
1092 2631 1149 2682 p.
1185 2615 1268 2664 35.
1320 2614 1514 2666 Matth.
1569 2613 1639 2666 ad
1695 2612 1980 2667 Cic..Cat.
2027 2618 2106 2681 11,
2157 2615 2242 2666 24.
2327 2616 2476 2668 Vide
2532 2616 2705 2668 etiam

387 2700 554 2752 supra
592 2681 755 2733 adv.
792 2682 910 2732 247.
992 2682 1077 2731 De
1119 2684 1297 2732 forma
1344 2681 1590 2734 nominis
1634 2681 1783 2741 Wr.
1843 2680 1983 2733 haec
2030 2685 2386 2750 adnotat:·„
2408 2682 2707 2736 Lauinum

386 2749 697 2805 utServio
747 2748 815 2800 ad
866 2764 922 2799 v.
961 2753 1013 2799 2.
1066 2757 1120 2800 et
1158 2748 1405 2800 Iuvenali
1454 2746 1526 2800 ab
1566 2751 1636 2800 H.
1692 2748 1833 2802 ibid.
1883 2751 2033 2801 laud.
2075 2752 2239 2817 [XII‚
2278 2757 2364 2803 71.
2397 2749 2707 2805 novercali

386 2821 551 2875 sedus
588 2815 870 2886 praelata
921 2814 1179 2933 Lavino}
1246 2816 1653 2883 concedamus,
1723 2834 1913 2869 veram
1975 2827 2160 2871 tamen
2217 2819 2454 2872 formam
2512 2818 2707 2871 Lavi.-

388 2886 550 2942 nium
601 2885 801 2950 fuisse,
869 2881 1000 2938 satis
1050 2901 1151 2951 pro
1171 2892 1318 2935 ›atur
1365 2899 1468 2951 per
1524 2901 1732 2938 nomen
1783 2885 1990 2953 gentile
2043 2885 2407 2940 Lam-infensis
2437 2894 2516 2939 ·et
2571 2888 2706 2939 La«-

391 2953 621 3024 vim’us5
671 2952 821 3025 quod
872 2950 921 3004 si
966 2967 999 3022 o
1035 2950 1265 3005 Lavino
1313 2950 1562 3016 ducitur,
1618 2953 1830 3006 exsistit
1873 2953 1967 3006 vel
2011 2953 2329 3021 Lavinius,
2381 2956 2475 3008 vel
2511 2952 2702 3007 Lavi·-

389 3022 616 3090 nonst's‚
677 3022 772 3072 vel
837 3019 1002 3071 etiarn
1062 3017 1406 3072 Lavinium.
1491 3018 1751 3073 Ceterum
1813 3021 1931 3073 vid.
1998 3022 2211 3074 adnott.
2279 3023 2349 3074 ad
2409 3039 2469 3075 v.
2521 3020 2714 3086 258.ss-

390 3091 521 3142 Erat
552 3098 737 3142 autem
775 3085 1084 3141 Lavinium
1118 3086 1390 3154 oppidum
1434 3086 1577 3140 Latii
1629 3088 1995 3154 maritimum,
2046 3087 2116 3140 ab
2166 3090 2358 3142 Aenea
2400 3089 2705 3144 conditum

391 3167 446 3211 et
509 3159 571 3210 in
640 3154 894 3225 coniugis
961 3155 1232 3207 honorem
1296 3154 1370 3206 ita
1427 3157 1801 3226 appellatum,
1867 3158 2020 3210 unde
2080 3157 2356 3216 Ascanius
2415 3157 2709 3222 coloniam

388 3224 597 3280 Albam
643 3227 893 3293 Longam
944 3222 1203 3286 deduxit,
1270 3240 1415 3293 quae
1472 3240 1667 3304 regum
1730 3225 1894 3279 sedes
1952 3224 2156 3278 mansit
2218 3243 2397 3297 usque
2459 3227 2529 3278 ad
2581 3228 2707 3279 Ro-

391 3293 529 3347 muli
568 3303 837 3360 tempora.
874 3319 943 3337 -.-
1002 3329 1050 3356 „
1070 3290 1346 3343 anianiet
1396 3292 1746 3364 exquisitius,
1780 3310 1948 3363 quam
1983 3302 2267 3346 exstruet.
2316 3291 2552 3347 multa
2584 3293 2704 3361 vi,

389 3361 610 3415 mannis
659 3354 896 3427 opibus,
959 3374 1162 3425 magno
1225 3359 1521 3412 hominum
1569 3378 1870 3430 rerumque
1923 3369 2208 3430 apparatu.
2265 3392 2335 3414 --.
2418 3367 2540 3413 272.
2596 3364 2709 3417 Per

390 3403 528 3482 (30ss
565 3444 742 3481 annos
774 3439 934 3494 reges
971 3445 1000 3475 e
1041 3424 1283 3478 Troiana
1318 3428 1488 3496 stirpe
1523 3427 1702 3480 Albae
1736 3431 1960 3498 Longae
1999 3445 2117 3481 esse
2152 3437 2478 3499 regnaturos
2512 3429 2595 3481 ait
2629 3431 2708 3484 ad

370 3498 690 3550 Romulum
734 3509 933 3563 usque.
976 3491 1144 3557 [iam
1180 3496 1292 3559 „de
1327 3511 1425 3559 eo,
1467 3497 1617 3568 quod
1659 3497 1911 3549 nondum
1952 3505 2061 3560 est,
2102 3496 2200 3548 sed
2238 3495 2333 3548 fiet
2368 3496 2707 3569 aliquando.

391 3562 477 3618 Cf.
508 3564 652 3616 Aen.
683 3563 779 3628 IV,
811 3562 930 3638 566.
964 3561 1050 3625 VI,
1078 3560 1196 3612 676.
1230 3564 1363 3627 Vlll,
1390 3564 1477 3614 42.
1503 3567 1598 3617 XI.
1631 3563 1791 3617 708.“
1822 3563 1970 3623 Wr.
2000 3564 2060 3616 in
2089 3565 2193 3631 Qu.
2230 3565 2382 3645 Virg.
2407 3566 2622 3632 XXIV,
2652 3571 2707 3620 5.

389 3642 495 3685 ter
521 3640 803 3685 centum.
836 3629 967 3682 Vid.
991 3628 1201 3681 adnott.
1226 3630 1293 3681 ad
1320 3647 1373 3681 v.
1393 3632 1503 3697 71.]
1540 3628 1722 3685 Gens
1745 3630 2096 3685 Hectorea
2122 3640 2205 3684 est
2226 3635 2471 3685 Troiana
2488 3632 2598 3685 sim
2648 3638 2709 3703 1.,

391 3708 453 3752 ut
479 3701 530 3751 V
535 3739 549 3765 ,
586 3701 699 3752 190.
731 3696 1008 3752 Hectorei
1028 3696 1190 3750 socii.
1234 3699 1316 3749 Ex
1340 3699 1584 3752 Troiana
1611 3702 1802 3752 saltem
1829 3698 2019 3767 stirpe,
2048 3699 2092 3751 si
2121 3717 2236 3751 non
2261 3716 2459 3753 omnes
2486 3717 2558 3752 ex
2610 3739 2614 3743 »
2643 3722 2709 3756 e-

388 3784 530 3819 neae
547 3765 821 3836 prosapia,
850 3764 1076 3818 oriundi
1103 3762 1327 3828 suerunt
1350 3783 1529 3838 reges,
1558 3765 1847 3837 quiAtbae
1860 3769 2083 3836 Longae
2108 3766 2470 3835 imperarunt,
2538 3787 2712 3822 uam-

390 3849 561 3906 quam
610 3834 707 3886 ina
753 3851 870 3888 non
918 3830 1089 3892 modo
1126 3833 1432 3899 Troianos,
1483 3836 1579 3885 sed
1636 3833 1801 3886 etiarn
1845 3834 2073 3887 Latinos
2118 3833 2457 3905 Aborigines
2546 3836 2715 3892 abuit

393 3901 625 3955 inc-olas.
658 3900 1004 3971 reguabimv·
1054 3899 1162 3953 sub
1204 3909 1375 3970 gente
1424 3902 1753 3968 Hectorea,
1807 3917 2042 3970 regnum
2089 3901 2374 3955 tenebitur
2404 3921 2438 3955 a
2469 3904 2714 3969 regibus

392 3968 673 4021 Troianae
718 3969 817 4021 stir
864 3969 939 4035 is,
989 3971 1120 4033 XII,
1169 3971 1289 4023 826.
1373 3967 1467 4023 Sit
1520 3968 1797 4022 Latium·
1857 3968 1971 4021 sint
2019 3965 2244 4022 Albani
2282 3988 2399 4039 per
2461 3962 2713 4027 saecula

390 4037 748 4114 rogesetc.“
795 3985 1070 4099 12..‚8i
1118 4037 1254 4106 quid
1313 4035 1516 4104 video,
1570 4036 1629 4088 h.
1679 4038 1718 4088 l.
1767 4009 2071 4104 improprie
2117 4038 2336 4091 locutus
2393 4045 2476 4090 est
2525 4042 2715 4094 Maro.

384 4104 531 4156 Nam
577 4120 648 4154 ue
710 4121 827 4156 non
886 4104 1066 4173 agitur
1126 4107 1198 4155 de
1244 4105 1505 4159 Troianis
1571 4106 1664 4156 vel
1709 4102 2004 4169 RomaniS,
2071 4103 2169 4175 qui
2218 4122 2364 4175 gens
2407 4104 2719 4163 Hectorea

383 4173 777 4239 appetantur,
827 4174 924 4224 sed
980 4170 1051 4222 de
1100 4169 1268 4223 domo
1318 4188 1378 4223 re
1418 4172 1686 4237 natrice,·
1721 4170 1791 4223 ab
1842 4170 2047 4224 Aenea
2097 4171 2408 4225 oriunda.“
2463 4173 2581 4233 W.
2639 4201 2716 4216 —-··

392 4241 479 4291 De
513 4237 636 4305 ipsa
669 4248 731 4290 re
763 4239 834 4291 cf.
873 4238 1041 4291 etiam
1074 4238 1266 4298 lustin.
1292 4242 1395 4291 XL
1444 4243 1483 4305 l,
1522 4245 1568 4291 1.
1599 4247 1736 4292 extr.
1774 4264 1843 4282 --
1911 4239 2030 4291 274.
2066 4237 2282 4307 „Ilia
2317 4242 2498 4306 poe'tis
2534 4242 2717 4311 dicta,

380 4302 467 4360 ‚ab
505 4304 641 4370 Ilio,
677 4307 837 4376 quasi
869 4304 1113 4359 Troiana
1147 4305 1318 4375 stirpe
1353 4306 1624 4374 oriunda,
1661 4306 1814 4359 Rhea
1840 4305 2045 4373 Silvia,
2082 4309 2447 4363 sacerdos
2524 4311 2718 4380 Virgo

395 4371 668 4439 Vestalis,
722 4372 1027 4443 regina,
1079 4374 1137 4428 h.
1189 4391 1240 4426 e.
1290 4373 1447 4445 regio
1483 4375 1755 4444 sanguine
1800 4383 1950 4439 orta,
2002 4384 2062 4427 ut
2099 4381 2398 4441 βασίλισσα,
2485 4377 2723 4431 [arte

386 4439 693 4512 grauis,
748 4457 783 4496 ο
827 4444 1003 4498 Marte
1052 4441 1315 4515 gravida,
1365 4445 1636 4515 gemellos
1686 4459 1803 4498 uno
1853 4451 2017 4513 partu
2064 4443 2268 4498 edot.“
2313 4443 2403 4499 H.
2490 4445 2724 4506 Rheam
