2870 4981
1513 510 1592 539 *l*
1703 502 1710 515 ¹

1641 554 1647 561 ,

1541 566 1546 573 .

191 846 251 933 τ
530 830 666 936 Ῥ.
785 825 1397 936 VIRGILn
1507 789 2168 948 mnoms

270 1470 299 1479 ..
544 1436 549 1457 1
925 1358 1807 1494 Paoon'MinM.

184 1546 193 1555 ’
244 1546 247 1551 ⁸
439 1599 505 1668 1.
585 1562 728 1665 DE
786 1568 1252 1710 ὀΑῃΜΙΝΕ
1300 1601 1594 1679 Ερισο
1650 1603 1829 1669 VIR
1839 1603 2282 1678 GILIANO.

250 1714 259 1721 .
328 1714 335 1721 .
386 1716 401 1739 ἑ
492 1710 515 1721 ,
922 1716 923 1719 ,
1304 1742 1307 1745 Δ

186 1737 383 1842 „Ad
437 1755 713 1819 Aeneidis
766 1753 1050 1819 rationem
1102 1753 1541 1836 intelligendam
1595 1759 1742 1822 satis
1798 1771 1888 1822 est
1948 1770 2175 1841 tenere,
2247 1765 2521 1831 carminis

188 1847 353 1928 *epici
397 1853 664 1904 naturam
708 1839 955 1921 positam
998 1859 1130 1901 esse
1171 1839 1233 1901 in
1286 1842 1371 1902 rei
1428 1863 1678 1923 magnae
1723 1854 1779 1906 et
1822 1848 2071 1923 arduae,
2127 1868 2347 1929 magno
2390 1873 2522 1915 cnm

200 1931 398 1995 animo
442 1939 498 1990 et
539 1925 782 1988 consilio
842 1924 1020 1986 animi
1078 1935 1381 2008 susceptae
1425 1936 1482 1988 et
1524 1939 1764 2008 gestae,
1830 1933 2159 1994 narratione
2216 1939 2287 1997 ad
2333 1939 2523 2003 admi-

199 2016 487 2078 rationem
529 2011 889 2073 efficl'e'ndam
925 2010 1211 2076 instituta.
1293 2010 1687 2075 Admiratione
1724 2015 1935 2077 animis
1972 2016 2184 2079 iniecta
2223 2023 2525 2101 ‹praei-itur

196 2101 297 2168 hic
351 2120 453 2177 ea,
514 2118 661 2178 qnae
721 2094 876 2157 omui
933 2095 1174 2156 carmini
1232 2097 1530 2177 proposita
1572 2109 1697 2176 est,
1762 2103 1863 2161 sed
1908 2100 1969 2162 in
2025 2103 2141 2164 alio
2185 2126 2400 2184 genere
2446 2111 2521 2170 ab

186 2185 337 2248 :aliis
398 2183 592 2249 causis
636 2179 1054 2262 proficiscitur,
1113 2180 1451 2260 delectatior,
1512 2203 1657 2263 qnae
1700 2186 1990 2264 profecto,
2053 2188 2106 2248 si
2166 2189 2419 2269 ingenuo
2461 2203 2519 2254 et

197 2268 430 2332 liberali
477 2266 666 2328 animo
709 2265 890 2345 digna
933 2285 1075 2326 esse
1108 2267 1305 2343 debet,
1360 2286 1398 2326 a
1442 2286 1635 2328 rernm
1675 2269 1977 2330 honestate
2033 2283 2091 2332 et
2134 2274 2377 2337 utilitate
2421 2298 2521 2339 seb

196 2357 402 2417 iuncta
444 2373 576 2414 esse
621 2351 848 2433 nequit,
915 2359 973 2411 et
1018 2359 1173 2411 tanto
1217 2350 1600 2432 exquisitior,
1658 2354 1999 2432 generosior
2041 2365 2098 2417 et
2140 2357 2365 2438 plenior
2408 2372 2517 2440 est,

197 2462 314 2524 qno
374 2437 601 2501 maiora
667 2435 897 2500 virtutis
953 2435 1392 2498 adhortamenta
1453 2445 1514 2499 et
1580 2437 1953 2502 incitamenta
2026 2461 2155 2503 cnm
2218 2444 2329 2506 hac
2386 2445 2519 2528 ipsa

180 2526 498 2606 voluptate
557 2522 766 2584 animis
822 2542 887 2583 se
939 2520 1255 2585 insinuant.
1371 2522 1514 2603 Ipsa
1579 2533 1768 2585 autem
1832 2546 2023 2587 rerum
2084 2528 2517 2612 animorumque

182 2621 531 2675 ‘nostrornm
591 2618 798 2684 natura
855 2606 940 2667 ita
994 2606 1141 2682 fert,
1204 2615 1297 2683 nt,
1359 2610 1508 2687 qnod
1554 2629 1591 2669 a
1637 2609 1841 2670 virtute
1887 2620 1944 2673 et
1989 2612 2231 2675 utilitate
2287 2617 2518 2695 public-a

116 2739 125 2741 ν
197 2704 409 2773 vacat,
456 2696 530 2755 ad
559 2692 782 2754 ammos
819 2701 1047 2752 nostros
1079 2691 1456 2752 admiratione
1489 2692 1864 2773 impellendos
1900 2696 2202 2759 vim-satis
2243 2719 2517 2781 magnam

186 2782 421 2842 *habere
477 2788 740 2859 nequeat.
840 2776 973 2836 Non
1026 2776 1207 2855 igitur
1263 2775 1382 2836 nlla
1439 2777 1659 2839 ratione
1714 2778 1841 2840 fieri
1906 2792 2125 2861 potest,
2190 2794 2249 2844 ut
2305 2787 2517 2848 bonum

195 2885 437 2927 carmen
481 2864 706 2944 epicum
750 2861 1038 2923 contineat
1084 2860 1254 2938 nihil,
1318 2864 1469 2942 quod
1524 2865 1597 2923 ad
1641 2863 1930 2943 publicam
1973 2876 2030 2927 et
2085 2868 2312 2929 civilem
2359 2871 2516 2932 utili-

196 2961 381 3012 tatem
425 2948 617 3026 valege
659 2946 868 3027 possit.
955 2945 1174 3007 Contra
1220 2965 1358 3008 vero
1396 2966 1617 3027 magna
1659 2958 1717 3009 et
1750 2952 1933 3011 ardna
1975 2953 2250 3031 consilia,
2298 2955 2514 3017 excelsi

196 3046 255 3097 et
299 3023 609 3113 magnifici*
654 3031 978 3092 animorum
1024 3051 1275 3108 sensns,
1338 3030 1522 3093 virtus
1584 3032 1731 3093 ultra
1789 3035 2092 3115 vulgarem
2146 3037 2515 3102 mortalitatis
2553 3095 2554 3100 ,

196 3119 495 3182 modulum
553 3127 609 3178 et
649 3137 886 3196 ⁴morem
943 3115 1206 3177 animosa
1263 3121 1319 3176 e't
1361 3115 1567 3196 fortis,
1633 3118 1808 3179 nullis
1862 3122 2123 3182 adversis
2179 3124 2413 3190 casibus
2458 3138 2514 3187 et

193 3203 587 3287 periculorum
663 3202 977 3263 terroribus
1054 3201 1302 3262 infracta
1371 3222 1568 3280 mens,
1646 3204 1826 3270 salus.
1880 3204 2091 3267 civium
2166 3199 2238 3269 et*
2289 3208 2513 3290 imperii

97 3305 101 3310 ’
188 3291 480 3352 maiestas
535 3284 630 3349 vei
687 3296 858 3367 parta
916 3286 1004 3347 vel
1063 3294 1296 3347 servata
1348 3305 1417 3347 ae
1477 3287 1750 3364 defensa,
1812 3291 1958 3363 haec
2011 3291 2116 3352 illa
2156 3293 2289 3374 ipsa
2345 3305 2511 3372 sunt,

195 3376 414 3457 quibus
457 3372 711 3444 maxime
768 3372 1066 3447 hominum
1126 3370 1335 3431 animis
1380 3372 1683 3435 admiratio
1745 3374 1904 3437 iniici
1958 3363 2189 3456 potest,
2254 3399 2515 3460 quaeque

191 3458 485 3540 imprimis
528 3458 690 3539 epico
743 3455 983 3518 carmini
1040 3456 1305 3519 idoneam
1348 3457 1646 3519 materiam
1690 3459 2076 3539 suppeditant.
2176 3464 2342 3539 Quae
2386 3464 2515 3527 inde

182 3544 424 3606 ,utilitas
470 3575 546 3590 --
609 3562 746 3604 nam
796 3551 860 3603 et
916 3542 1071 3603 haec
1120 3562 1156 3602 a
1213 3541 1470 3603 carmine
1528 3543 1692 3624 epico
1738 3545 1995 3626 exigitur
2033 3579 2119 3595 --
2162 3547 2333 3608 simul
2379 3571 2515 3629 pro-

184 3628 524 3707 ficiscatur,
570 3637 774 3709 sponte
817 3636 996 3707 patet.
1028 3662 1102 3672 —
1172 3626 1492 3687 Admiratio
1536 3648 1771 3690 necesse
1815 3653 1926 3692 uon
1971 3641 2094 3709 est,
2143 3643 2201 3692 nt
2246 3652 2281 3692 a
2323 3653 2512 3695 rerum

192 3728 253 3776 et
294 3724 543 3775 naturae
585 3712 881 3773 miraculis
926 3722 1181 3792 petatur,
1245 3714 1347 3772 sed
1406 3712 1786 3777 admiratione
1841 3717 2065 3777 animos
2110 3726 2337 3779 nostros
2382 3718 2515 3779 aff-

192 3799 355 3861 einnt
395 3797 629 3860 omnino
685 3818 783 3859 res
838 3819 873 3858 a
917 3818 1135 3876 magna
1178 3796 1355 3858 animi
1400 3796 1609 3859 virtute
1652 3800 1979 3879 profectae3
2038 3800 2328 3879 insignem
2386 3804 2514 3866 dico

187 3883 256 3945 in
332 3883 743 3964 excogitandis
808 3882 1067 3944 consiliis
1122 3882 1214 3943 vel
1273 3880 1337 3941 in
1403 3882 1482 3943 iis
1538 3886 1925 3965 exsequendis
1956 3886 2375 3967 prudentiam,
2453 3889 2511 3950 in

188 3968 499 4031 labotibns
542 3966 900 4049 perferendis
960 3967 1378 4043 constantiam,
1438 3967 1498 4028 in
1543 3970 1821 4031 adeundis
1865 3969 2135 4050 periculis
2178 3975 2512 4051 auidaciam,

191 4054 426 4117 etiamsi
474 4054 656 4114 illaa
699 4053 887 4114 landis
936 4061 994 4113 et
1032 4051 1259 4131 gloriae
1302 4052 1526 4129 studio,
1588 4063 1687 4114 aut
1730 4056 1806 4114 ab
1849 4055 1973 4132 ira,
2017 4054 2183 4132 odio,
2228 4057 2515 4120 vindictae

186 4140 515 4222 ‘cupiditate
574 4138 833 4217 profecta
885 4137 1092 4215 fuerit,
1151 4148 1253 4198 aut
1306 4139 1382 4198 ad
1425 4136 1701 4199 immania
1748 4149 1805 4200 et
1852 4159 2031 4202 saeva
2071 4140 2332 4203 facinora
2374 4166 2515 4224 pro-

192 4225 441 4305 ruperit.
532 4222 818 4285 Convenit
872 4222 1089 4303 igitur,
1154 4233 1215 4283 ut
1275 4242 1315 4283 a
1369 4242 1583 4302 magno
1645 4224 1808 4302 viro,
1867 4243 2084 4305 magna
2143 4226 2361 4307 ingenii
2424 4229 2508 4307 vi,

162 4311 433 4390 zemignis
471 4308 736 4388 corporis
776 4308 1031 4385 viribus,
1087 4308 1320 4387 magnis
1361 4307 1541 4369 animi
1582 4308 1833 4370 motibus
1877 4319 1934 4371 et
1976 4310 2307 4390 affectibus,
2365 4312 2515 4374 inter

188 4390 886 4541 magnasdiffilenltatff,
934 4412 1111 4456 casus
1138 4403 1197 4454 et
1225 4392 1524 4474 pericula,
1563 4392 1798 4473 magnis
1832 4396 2141 4476 praesidiis
2165 4407 2224 4459 et
2255 4396 2546 4463 auxiliis,⁸

228 4521 233 4528 -
275 4478 542 4545 aneu..
590 4492 595 4497 ’
639 4498 762 4541 Alis
849 4522 869 4542 .
2023 4482 2080 4543 Α
