2870 4981
377 278 505 360 120
855 363 860 368 ἱ
987 317 990 320 >
1095 267 1539 337 P.V1RG1L11
1578 268 1946 336 MARoNJs

377 465 565 545 Quem
607 462 661 525 si
699 459 822 524 fata
857 460 1046 525 virum
1091 460 1358 540 servant,
1402 458 1461 523 si
1502 457 1753 532 vescitur
1795 478 1942 521 aura

379 547 685 626 Aetheria,
733 557 917 628 neq'ue
959 548 1143 607 adhuc
1185 546 1513 607 crudelibus
1558 547 1797 607 occubat
1844 541 2119 631 umbris,

378 636 513 698 Non
556 642 776 711 metus,
825 631 1015 693 officio
1061 651 1131 693 ne
1177 641 1232 692 te
1273 640 1527 693 certasse
1566 630 1817 711 priorem
2078 635 2081 638 ’

380 718 698 783 Paeniteat.
782 718 930 778 Su'ut
973 725 1030 778 et
1073 715 1292 778 Siculis
1340 715 1678 795 regionibus
1727 716 1897 776 urbes
2084 773 2087 780 Δ

378 805 677 882 Arvaque,
726 798 1101 883 Troianoque
1144 821 1181 862 a
1221 798 1508 882 sanguiue
1556 798 1746 867 clarus
1791 797 2058 862 Acestes·
2557 794 2683 861 550

378 950 485 996 nec
516 931 728 1002 amath,-
782 931 883 987 Sil.
913 933 1068 992 vm,
1106 934 1226 986 217.
1277 930 1404 986 Iam
1453 927 1661 985 bellum
1703 938 1876 1003 atque
1922 945 2092 982 arma
2133 926 2337 998 posuit
2375 926 2521 997 (ubi
2563 930 2676 984 vid.

286 1054 296 1058 ,
379 1000 654 1070 Interpp.)
685 1003 793 1067 xl,
832 1000 953 1055 615.
1022 1000 1149 1058 Per
1181 998 1333 1056 bella
1366 1008 1540 1073 atque
1572 1015 1742 1052 arma
1771 1015 1843 1051 ae
1882 999 2017 1050 atos*
2029 998 2270 1066 fasces,
2310 1006 2480 1069 atque
2516 1000 2680 1053 etiam

378 1066 654 1141 pedestris
696 1068 977 1138 scriptoris
1022 1071 1211 1123 locum
1251 1067 1373 1121 Liv.
1400 1071 1458 1136 1,
1495 1070 1556 1132 5,
1599 1066 1710 1132 (?)
1782 1014 2047 1120 Αξάοηῖς
2094 1062 2324 1138 aliquid
2355 1066 2441 1118 ad
2474 1063 2682 1120 bellum

381 1152 663 1209 annaque
710 1134 1093 1191 inventurum.
1204 1138 1273 1188 Et
1324 1135 1400 1188 ita
1461 1135 1612 1204 apud
1660 1131 1884 1186 Livium
1947 1131 2097 1184 haud
2152 1149 2276 1184 raro
2339 1132 2456 1200 (cs.
2497 1135 2552 1197 1,
2592 1140 2684 1203 27,

383 1201 572 1270 3'..111‚
609 1205 802 1271 69,*2.
852 1204 963 1270 lV,
1004 1209 1066 1271 1,
1103 1205 1153 1259 5.
1189 1206 1254 1269 9,
1293 1208 1374 1256 11.
1410 1208 1506 1267 37,
1544 1204 1594 1256 5.
1653 1205 1764 1262 ΙΧ,
1806 1206 1898 1264 10,
1936 1202 1987 1252 5.
2036 1208 2091 1252 et
2135 1198 2427 1260 Drakenb.
2479 1202 2550 1252 ad
2587 1204 2680 1269 Ill,

307 1309 320 1330 ,
384 1271 485 1336 69,
515 1271 641 1336 2.);
694 1288 880 1343 neque
914 1271 1074 1325 aliter
1105 1275 1242 1325 Tac.
1271 1269 1424 1323 ·Hist.
1455 1274 1529 1336 ΙΙ,
1564 1268 1650 1321 74.
1686 1301 1689 1306 n
1726 1264 2128 1337 Vespasianus
2165 1265 2686 1341 bellumzarmaque

383 1335 895 1407 circumspectabat
936 1348 1042 1394 etc.
1088 1369 1157 1381 -
1215 1336 1417 1403 vesci
1479 1353 1712 1403 aura,
1786 1343 1886 1403 pro
1937 1332 2051 1387 vita
2106 1333 2244 1399 frui,
2309 1353 2380 1387 ex
2428 1337 2684 1390 Lucretio

384 1404 468 1469 V,
516 1407 635 1459 855.
691 1406 878 1478 (quae
916 1423 1156 1479 nomque
1197 1404 1355 1459 vides
1401 1402 1552 1458 vesci
1600 1400 1871 1457 vitalibus
1917 1400 2124 1468 auris)
2175 1412 2494 1471 sumptum,
2542 1405 2687 1458 redit

382 1470 527 1525 infra
565 1475 666 1539 ΙΙΙ,
699 1477 818 1527 339.
928 1472 1032 1526 uid
1056 1491 1215 1542 puer
1248 1470 1590 1527 Ascanius?
1623 1472 1935 1540 supet-ame
1967 1478 2021 1523 et
2053 1468 2303 1524 vescitur
2329 1473 2525 1538 aura?
2578 1470 2685 1524 Ce-

386 1545 567 1594 terum
607 1539 666 1593 in
708 1539 816 1594 hoe
848 1550 1087 1612 utroque
1121 1544 1247 1594 loco
1282 1542 1489 1610 VVagn.
1525 1541 1630 1609 Qu.
1672 1538 1827 1617 Virg.
1856 1541 1955 1591 IX.
1994 1554 2048 1607 p.
2074 1538 2194 1593 409.
2232 1536 2530 1591 arbitratur
2568 1538 2688 1592 sin-

376 1607 634 1676 »gularem
669 1624 825 1668 aura
873 1606 947 1660 ob
983 1608 1109 1661 soni
1144 1608 1474 1678 elegantiam
1511 1624 1633 1661 esse
1669 1614 1947 1675 positum,
1998 1604 2308 1675 quum.hic
2345 1614 2401 1657 et
2433 1606 2685 1676 superior

382 1688 581 1728 versus
629 1684 684 1728 et
731 1673 961 1729 inferior
1006 1676 1293 1728 claudatur
1341 1672 1586 1728 ablativo
1633 1672 1894 1743 pluralis,
1947 1670 2126 1727 armis
2159 1703 2228 1713 —
2260 1671 2518 1741 umbris,
2570 1673 2686 1729 illic

349 1743 352 1748 '
384 1748 571 1805 autem
605 1742 986 1797 antecedentis
1030 1759 1227 1797 versus
1264 1751 1577 1795 extremum
1612 1738 1951 1795 vocabulum
1988 1739 2058 1792 sit
2094 1739 2236 1794 om‘s.
2308 1739 2477 1793 Alibi.
2504 1742 2684 1810 enim,

384 1804 486 1860 ubi
525 1809 595 1861 de
632 1826 793 1874 aura,
832 1828 942 1882 qua
977 1809 1510 1875 circumfundimur,
1547 1809 1620 1862 de
1656 1808 1816 1872 ae’re,
1856 1806 2317 1875 (Atmosphiire)
2350 1826 2537 1862 sermo
2574 1819 2684 1875 est,

384 1872 599 1947 ubique
633 1876 836 1947 plurali
871 1876 1043 1931 utitur
1079 1877 1364 1949 Virgilius.
1433 1875 1518 1929 Cf.
1540 1885 1772 1946 ‚praeter
1809 1876 1908 1927 Ge.
1931 1875 2038 1938 IV,
2073 1873 2193 1929 499.
2230 1876 2372 1928 Aen.
2401 1877 2531 1942 VII,
2570 1882 2685 1933 287.

383 1944 474 2007 X,
511 1946 629 1999 898.
673 1945 776 1997 XII
789 1984 805 2011 ,
844 1945 963 1998 267.
1000 1954 1125 2012 cett.
1162 1943 1438 2014 imprimis
1473 1962 1639 2013 supra
1674 1961 1726 1995 v.
1757 1946 1912 2009 387„
1960 1940 2058 1994 ubi
2098 1959 2283 1997 auras
2315 1940 2521 1997 vitales
2554 1961 2685 1999 car-

373 2025 524 2078 pere
558 2009 816 2082 legimus.-
885 2012 1017 2066 Vid.
1069 2022 1258 2066 tamen
1307 2013 1517 2065 adnott.
1566 2012 1634 2064 ad
1676 2012 1778 2076 VI,
1815 2012 1934 2064 204.
1975 2010 2096 2063 747.
2149 2011 2278 2075 Vll,
2321 2012 2538 2072 230.¹et
2571 2014 2685 2066 646.

384 2104 452 2116 -
486 2078 852 2146 „accub-at
884 2078 1196 2147 umbris,
1236 2079 1512 2152 exquisite
1537 2079 1845 2132 secundum
1878 2078 2037 2130 illam
2062 2076 2324 2130 sormam:
2364 2079 2688 2135 occumbere

386 2147 561 2198 morti
591 2149 668 2213 11,
706 2149 804 2201 62„
866 2147 1077 2213 [Immo
1120 2143 1403 2203 accubare
1450 2145 1673 2201 umbris
1722 2145 1760 2198 i.
1799 2164 1854 2217 q.
1890 2145 1951 2199 in
1987 2144 2250 2210 umbris,
2287 2146 2430 2198 inter
2466 2147 2687 2204 umbras

388 2209 625 2280 cubare,
677 2214 876 2267 iacere.
948 2213 1033 2267 Cf.
1071 2217 1213 2267 Aen.
1245 2214 1323 2280 V,
1360 2218 1479 2267 371.
1516 2216 1597 2269 ad
1629 2212 1943 2281 tumulum,
1993 2211 2095 2266 ubi
2125 2212 2419 2268 maximus
2453 2215 2691 2270 occubat

389 2276 649 2347 Hector,
689 2291 743 2334 et
769 2286 843 2348 X,
871 2284 990 2336 706.
1041 2280 1245 2348 ¹Paris
1268 2280 1412 2335 urbe
1441 2291 1697 2363 paterna
1728 2278 2009 2340 occubat.
2091 2278 2343 2334 Umbrae
2376 2292 2561 2335 autem
2591 2301 2686 2352 pro

389 2343 566 2411 Orco3
606 2367 778 2420 quare
813 2349 978 2402 etiam
1016 2351 1303 2419 epitheton
1331 2350 1458 2403 Orci
1499 2347 1816 2415 (crudeli3‚
1856 2358 1917 2401 ut
1953 2348 2100 2415 apud
2128 2350 2264 2402 Hor.
2295 2348 2402 2402 od.
2431 2352 2498 2415 Π,
2527 2356 2577 2415 3,
2606 2351 2686 2403 24.

384 2410 476 2465 m‘l
504 2414 820 2483 miserans,
860 2418 1033 2487 Epist.
1065 2422 1142 2483 Π,
1180 2420 1231 2483 2,
1271 2420 1387 2471 179.
1426 2434 1542 2471 aon
1577 2414 1900 2474 emor-abilis
1932 2432 2082 2469 auro
2114 2415 2240 2479 etc.)
2279 2416 2348 2467 ad
2387 2433 2480 2469 eas
2500 2424 2688 2471 'trans-

388 2475 593 2549 fertur,
642 2483 713 2536 de
760 2484 917 2538 cuius
966 2502 1131 2539 causa
1177 2483 1249 2538 cf.
1303 2486 1515 2537 adnott.
1567 2485 1636 2537 ad
1675 2485 1773 2536 Ge.
1802 2483 1880 2550 11,
1918 2482 2077 2548 492.]
2146 2483 2197 2545 A
2248 2485 2549 2552 tautologia
2587 2485 2689 2540 hos

304 2611 309 2615 ¹
389 2545 534 2626 duos
571 2566 766 2604 versus
802 2551 848 2605 si
881 2552 1180 2606 liberatum
1219 2553 1296 2617 is,
1335 2553 1472 2604 ratio
1513 2552 1572 2604 in
1606 2551 1715 2605 hoc
1750 2551 2067 2623 quaerenda
2090 2589 2106 2617 ‚
2157 2550 2310 2623 quod
2349 2569 2413 2604 ea
2450 2553 2688 2610 maxime

385 2622 542 2681 notio
571 2616 840 2694 flisertius
876 2628 930 2671 et
963 2619 1364 2689 significantius
1402 2619 1730 2686 exponitur,
1828 2636 1930 2670 uae
1965 2617 2045 2670 rei
2087 2635 2364 2672 summam
2410 2620 2683 2688 continet,

389 2688 445 2732 et
495 2697 587 2735 cut
638 2683 857 2738 animus
904 2687 1147 2739 maxime
1197 2687 1524 2740 immoratur
1558 2703 1654 2739 seu
1692 2685 1803 2738 deli
1849 2684 2092 2738 eratione
2132 2703 2227 2739 seu
2265 2687 2439 2739 animi
2475 2687 2685 2753 affectu.

390 2746 475 2800 Cf.
514 2765 569 2801 v.
598 2753 714 2804 555.
754 2760 809 2805 et
842 2754 959 2807 556.
1031 2753 1362 2820 (Eiusmodi
1409 2753 1756 2807 iterationem
1811 2752 2510 2808 sententiae-artificiosam
2560 2756 2687 2808 vide

387 2817 535 2884 apud
572 2821 765 2872 Iuven.
798 2820 923 2886 VII,
959 2823 1201 2881 53—55.
1243 2819 1400 2886 W.)
1471 2822 1616 2872 Ante
1656 2822 1847 2879 oculos
1882 2819 2079 2873 habuit
2125 2822 2284 2889 poeta
2321 2821 2449 2875 illa:
2501 2821 2568 2876 Εἴ
2599 2843 2686 2875 που

389 2877 463 2934 ἔτι
497 2881 638 2952 ζώει,
678 2887 761 2939 καὶ
794 2893 817 2939 ὁ
852 2891 889 2939 αἶ
921 2893 1047 2950 Φάος
1081 2887 1274 2954 ἠελίοιο.
1311 2889 1351 2940 εἱ
1385 2891 1427 2941 δ’
1465 2881 1550 2957 ἤδη
1588 2893 1818 2954 τέθνηκε,
1874 2887 2054 2940 uai‘sc'v
2093 2888 2248 2940 Ataeo
2287 2891 2530 2957 δόμοισιν,
2583 2891 2686 2945 Od.

861 2943 872 2958 S

298 2964 310 2972 ”
387 2953 537 3018 XX,
576 2959 691 3007 207.
729 2958 808 3009 XI
874 2995 889 3022 ,
926 2957 1011 3008 44.
1050 2966 1102 3008 et
1134 2958 1206 3007 al.
1228 2956 1264 2983 “
1300 2955 1384 3009 H.
1424 2985 1493 2996 --
1559 2955 1677 3008 548.
1714 2994 1748 3021 ‚,
1767 2958 1889 3008 Non
1938 2956 2301 3011 metuendum
2353 2967 2464 3021 est,
2518 2977 2591 3010 ne
2633 2969 2685 3012 te
2718 2985 2724 2991 ’

394 3020 675 3086 poeniteat
720 3022 1055 3094 aliquando,
1117 3021 1406 3076 beneficiis
1453 3040 1554 3075 nos
1604 3039 1970 3091 provocasse3
2037 3041 2137 3093 pro
2184 3023 2273 3077 his
2327 3024 2686 3080 certissimam

384 3085 808 3142 retributionem
846 3100 1165 3160 exspectare
1191 3090 1407 3158 potes.“
1434 3089 1522 3144 H.
1551 3120 1619 3131 -—-
1657 3107 1742 3144 ne
1776 3108 1877 3158 pro
1909 3092 2058 3159 vulg.
2089 3108 2192 3146 nec
2213 3109 2289 3153 ex
2318 3091 2456 3145 cod.
2487 3091 2685 3146 Hamb.

387 3167 518 3231 a·m.
546 3171 655 3232 sec.
693 3167 842 3210 recte
874 3159 1158 3212 revocavit
1182 3158 1413 3226 Heins.,
1452 3157 1802 3230 eandemque
1838 3158 2167 3225 lectionem,
2205 3159 2251 3213 si
2287 3159 2423 3232 quid
2455 3160 2688 3229 Dorphii

387 3220 610 3274 silentio
658 3222 1049 3290 tribuendum,
1119 3226 1284 3283 etiam
1335 3225 1473 3280 God.
1533 3223 1662 3277 Alb.
1716 3223 1978 3289 exhibet3
2046 3226 2440 3281 ceteriuCodd.
2493 3245 2687 3282 omues

388 3289 745 3341 consentiunt
794 3290 853 3343 in
889 3293 1125 3344 lectione
1159 3310 1297 3360 nec,
1354 3311 1521 3366 quam
1556 3293 1712 3345 Iahn.
1748 3293 2016 3360 restituit,
2071 3295 2454 3348 Schirachium
2491 3312 2545 3363 p.
2575 3297 2689 3348 356.

389 3355 659 3427 laudans,
701 3355 813 3434 ‘hac
868 3358 1078 3412 adiecta
1114 3361 1522 3428 explicatione:
1575 3363 1756 3426 „Non
1804 3370 1984 3416 metus
2021 3361 2133 3429 (sit
2170 3361 2312 3428 tibi)
2350 3379 2455 3415 nec
2491 3363 2690 3429 poeni-

390 3428 500 3499 teat
537 3430 588 3473 te
629 3438 874 3490 priorem
911 3435 1149 3481 certasse
1184 3425 1387 3481 officio.
1407 3428 1445 3455 ‘⁶
1513 3427 1587 3481 At
1624 3438 1774 3481 recte
1815 3429 2030 3500 quaerit
2070 3428 2217 3489 Wr.
2238 3467 2259 3496 ‚
2299 3430 2596 3485 Heinsium
2630 3430 2690 3483 in

386 3488 706 3567 recipienda
744 3493 867 3544 lect.
902 3509 975 3546 ne
1012 3503 1267 3548 secutust
1305 3494 1470 3561 „Sed
1521 3495 1619 3566 qui
1657 3496 1882 3550 metus?
1933 3496 2068 3570 quid
2119 3514 2150 3549 a
2187 3497 2446 3551 Troianis
2481 3496 2689 3551 Didoni

384 3558 741 3635 timendum?
822 3562 971 3613 Non
1018 3578 1097 3613 ea
1144 3560 1254 3615 vis
1299 3560 1545 3617 animo
1599 3580 1729 3616 nec
1783 3572 1987 3616 tanta
2036 3563 2391 3633 superbia
2439 3565 2689 3619 victiS.
2768 3565 2771 3568 ’

386 3623 443 3674 s·
481 3641 613 3678 sana
648 3635 731 3679 est
768 3624 946 3680 Codd.
984 3628 1184 3695 lectio,
1221 3637 1314 3682 aut
1347 3628 1427 3684 sic
1468 3629 1573 3682 erit
1606 3630 1964 3700 explicanda:
2005 3634 2195 3685 nullus
2238 3631 2348 3684 iam
2384 3632 2488 3686 erit
2527 3631 2690 3687 nobis

333 3714 336 3718 ⁴
388 3700 600 3757 metus,
642 3693 786 3746 nihil
822 3695 954 3763 erit,
1033 3697 1142 3749 uod
1161 3705 1489 3755 *metuamus
1507 3716 1530 3753 ⁰1
1560 3706 1682 3749 aut:
1732 3715 1848 3750 non
1877 3707 1959 3751 est
1985 3700 2348 3753 metuendum
2370 3739 2385 3766 ,
2423 3718 2496 3753 ne
2524 3699 2691 3755 officii

384 3755 466 3834 tui
494 3758 791 3816 immemor
825 3762 913 3816 sit.
1001 3816 1009 3824 ,
1042 3761 1231 3817 anebit
1256 3773 1445 3817 tamen
1470 3736 1761 3819 obscurior
1786 3766 1976 3820 oratio.
2043 3770 2233 3838 Itaque
2264 3766 2402 3819 mihi
2430 3769 2692 3822 videntur

384 3820 597 3880 librarii
639 3845 741 3896 per
786 3845 1169 3912 praegressum
1208 3848 1325 3886 mm
1374 3831 1433 3884 in
1459 3831 1734 3903 ‚fraudem
1780 3830 1994 3886 inducti
2047 3851 2198 3901 esse,
2250 3851 2427 3905 quum
2477 3836 2550 3889 ita
2590 3853 2690 3890 uec

383 3894 555 3962 vulgo
583 3898 759 3949 soleat
792 3899 1041 3951 comitari
1069 3898 1422 3968 praecedenti
1458 3896 1655 3953 non.“
1679 3929 1748 3940 —-
1816 3902 1933 3953 550.
1969 3901 2289 3954 Lectionem
2313 3901 2524 3956 Arva
2586 3920 2686 3970 ue,

383 3954 485 4036 H„
510 3963 726 4043 vulgari
764 3964 1065 4039 Armaque
1098 3966 1401 4033 rectissime
1438 3966 1726 4036 praetulit,
1766 3985 1933 4041 quam
1972 3968 2050 4021 sic
2086 3967 2371 4022 defendit:
2425 4008 2477 4038 „

386 4025 616 4094 quidem
654 4041 808 4085 aiunt
842 4033 1139 4087 memorari
1188 4034 1259 4086 ad
1306 4033 1563 4088 timorem
1596 4034 1796 4089 Poenis
1847 4034 2250 4089 incutiendum.
2319 4036 2394 4090 At
2441 4037 2691 4091 alienum.

382 4088 495 4144 hoc
544 4110 575 4145 a
609 4105 724 4152 toto
760 4100 1296 4167 orationisconsilio
1328 4119 1631 4176 rerumque
1665 4103 1836 4169 facie,
1888 4102 2186 4176 potiusque
2224 4103 2299 4157 ad
2333 4103 2552 4159 animos
2587 4123 2692 4158 ex·-

382 4164 724 4228 asperandos
772 4167 1060 4241 idoneum.
1151 4169 1356 4223 Medic.
1412 4186 1544 4224 cum
1599 4169 1774 4225 Colat.
1823 4169 2006 4224 Ursini
2049 4171 2185 4242 legit
2233 4189 2416 4241 arva3
2477 4181 2533 4225 et
2583 4171 2689 4226 hoc

384 4241 606 4308 verum.
672 4234 812 4286 Nam
848 4253 915 4290 eo
954 4246 1162 4306 spectat
1196 4240 1401 4303 oratio,
1449 4247 1510 4293 ut
1543 4249 1756 4305 metum
1791 4237 2134 4308 intercipiat,
2188 4257 2262 4292 ne
2312 4238 2373 4293 in
2410 4238 2499 4294 his
2532 4238 2690 4295 terris

385 4294 683 4351 considere
715 4302 865 4355 velle
897 4304 1214 4372 videantur.
1284 4305 1580 4369 (Occurrit
1612 4307 1810 4370 tacitae
1845 4305 2246 4374 sollicitudini,
2282 4325 2428 4379 quae
2465 4308 2688 4380 reginae

386 4359 642 4419 animum
676 4362 870 4455 subire
902 4381 1122 4445 posset,
1168 4389 1243 4429 ne
1287 4371 1352 4434 in
1386 4382 1531 4433 terra
1565 4372 1860 4441 considere
1890 4375 2135 4443 vellent,
2182 4377 2512 4444 ostendens,
2563 4383 2686 4442 aut,

1982 4624 2007 4633 ¹·-
