2870 4981
1044 345 1130 412 m
1171 312 1632 417 Asuuium.
1809 400 1812 403 ,
2421 362 2507 429 io

154 536 336 623 φρει
339 558 376 601 e
412 535 585 601 [ratio
639 534 821 620 *0130
856 556 990 620 pro
1046 532 1393 600 felicissimo
1451 535 1690 601 invento
1744 537 1879 602 sine
1929 540 2111 610 dubio
2169 546 2501 619 haberetur.

158 626 286 688 >Est
329 635 525 686 tamen
569 622 744 684 etiam
786 624 895 685 hoc
932 633 1319 685 commentum
1354 623 1439 685 ita
1481 626 1909 706 comparatum,
1957 638 2020 688 ut
2063 652 2182 693 rem
2228 656 2344 696 non
2391 659 2502 699 ex-

167 709 469 790 cogitasse
491 758 509 788 ,
555 710 658 771 sed
693 711 986 789 commode
1030 709 1280 770 oblatam
1322 708 1622 788 sapienter
1661 710 1728 770 in
1767 733 1914 774 usus
1959 733 2100 777 suos
2145 722 2501 791 convertisse

170 795 453 857 dicendus
497 793 595 859 sit.
680 793 840 855 Miro
870 793 1025 854 enim
1052 792 1308 855 omnium
1339 793 1689 874 scriptorum
1728 817 2016 860 consensu
2037 809 2168 862 tota
2201 807 2270 865 de
2301 808 2501 871 Aenea

154 880 436 942 narratio
472 899 575 960 per
608 877 923 958 vaticinia,
970 877 1241 958 oracula,
1287 879 1554 958 somnia,
1595 880 1848 962 auguria
1891 891 1949 944 et
1982 884 2177 948 omina
2217 890 2496 972 exigitur,
2595 924 2604 937 ι

172 965 455 1041 siverim
496 973 831 1047 poetarum,
889 985 926 1026 a
971 964 1180 1046 quibus
1232 985 1302 1026 ea
1345 968 1419 1026 ab
1466 964 1634 1027 initio
1678 966 1789 1027 fuit
1832 976 2107 1049 tractata,
2172 972 2299 1035 sive
2343 979 2500 1039 anti-

158 1048 745 1132 ‘quorumhominnm
764 1099 781 1128 ,
814 1070 851 1110 a
881 1049 1088 1129 quibas
1121 1048 1340 1133 posteri
1368 1071 1499 1112 eam
1525 1061 1907 1135 acceperunt,
1933 1053 2203 1136 ingeniis
2236 1058 2499 1123 tribuen-

156 1138 322 1211 duflr
350 1144 462 1199 est.
547 1137 628 1197 Et
669 1133 963 1196 Troianos
1010 1135 1252 1215 quidem·
1282 1156 1314 1197 e
1362 1135 1662 1219 Phrygia,
1723 1138 2103 1218 auguriorum
2148 1145 2496 1225 omninoque

165 1214 533 1285 vaticinandi
592 1242 661 1283 ac
716 1219 1021 1282 divinandi
1079 1221 1290 1282 artium
1349 1221 1519 1300 quasi
1570 1231 1752 1285 matre
1809 1244 1878 1285 ac
1931 1228 2099 1304 sede,
2157 1228 2493 1309 digressoS,

168 1307 386 1368 multas
445 1304 622 1370 huius
679 1304 914 1386 generis
967 1305 1199 1368 fabulas
1256 1305 1322 1367 in
1382 1307 1691 1369 Graeciam
1747 1316 1802 1369 et
1861 1308 2092 1372 Italiam
2147 1312 2495 1393 importasse

167 1391 476 1472 probabile
519 1391 604 1456 fit.
687 1390 905 1453 Fuisse
946 1390 1154 1469 etiam,
1217 1389 1314 1472 qni
1359 1390 1727 1473 disciplinam
1772 1395 2111 1474 augur-alem
2154 1417 2188 1457 e
2229 1400 2496 1481 Phrygia

167 1477 238 1539 in
297 1477 529 1537 ltaliam
588 1476 822 1538 allatam
881 1480 1208 1556 traderent,
1266 1497 1299 1536 e
1344 1477 1555 1540 Servio
1616 1480 1689 1538 ad
1735 1477 1840 1543 lib.
1877 1479 2005 1557 111,
2051 1480 2200 1545 359.
2258 1484 2490 1565 discas3

156 1560 287 1624 ¹'etsi
311 1563 655 1644 Tyrrhenos
695 1561 815 1623 iam
855 1572 990 1622 ante
1019 1560 1311 1623 communi
1338 1564 1720 1624 barbarorum
1745 1564 2155 1644 superstitione
2198 1589 2300 1629 eas
2332 1582 2491 1633 artes

166 1642 432 1735 tenuisse
474 1650 817 1708 credendum
871 1655 980 1710 est.
1068 1645 1321 1708 Omnino
1377 1646 1535 1708 enim
1589 1647 1781 1729 prisco
1839 1659 2123 1730 tempore,
2186 1663 2493 1734 antequam

165 1742 412 1794 naturae
472 1731 725 1794 studium
782 1729 1056 1793 subtilius
1103 1740 1160 1793 et
1198 1731 1603 1813 philosophiae
1654 1754 1895 1795 acumen
1957 1734 2275 1814 increbuit,
2339 1761 2489 1817 gens

163 1819 280 1879 fuit
338 1818 535 1896 nulla,
600 1836 749 1896 quae
806 1837 927 1877 non
980 1814 1309 1897 significari
1357 1817 1557 1878 futura
1619 1827 1675 1887 et
1735 1839 1771 1879 a
1831 1818 2175 1898 quibusdam
2238 1823 2490 1905 intelligi

207 1903 543 1982 medicique
583 1923 759 1984 posse
799 1910 1060 1963 censeret
1107 1901 1132 1978 (
1154 1901 1396 1985 Cicrde
1440 1901 1644 1966 Divin.
1677 1903 1726 1967 1.
1774 1902 1929 1985 pr.)
2012 1905 2305 1986 Imprimis
2351 1898 2516 1972 vero

260 1987 610 2069 deducendis
645 1986 888 2048 coloniis
916 1995 973 2048 et
1015 1987 1183 2050 novis
1218 1987 1457 2049 sedibus
1486 1988 1831 2068 quaerendis
1866 2010 2092 2052 summa
2122 1992 2488 2056 oraculorum

333 2071 693 2155 ‘niorumque
750 2070 1059 2134 auctoritas
1105 2080 1261 2151 erat,
1326 2074 1476 2155 quod
1535 2072 1683 2135 satis
1749 2074 1837 2137 vel
1897 2095 1972 2135 ex
2031 2097 2146 2136 uno
2190 2077 2485 2140 Herodoto

48 2236 51 2239 Δ
315 2158 398 2220 tat
448 2157 590 2234 (Cf.
636 2156 764 2221 Cic.
810 2156 864 2221 l.
918 2178 971 2220 c.
1037 2165 1093 2217 et
1146 2157 1197 2221 I.
1244 2157 1358 2237 fi).
1457 2157 1548 2219 Ad
1606 2160 1775 2220 sedes
1830 2158 2016 2238 igitur
2079 2161 2361 2224 Troianis
2422 2163 2488 2223 in

146 2236 344 2313 hira
384 2243 817 2305 constituendas
863 2241 1115 2304 oraculis
1160 2249 1216 2304 et
1254 2241 1558 2305 vaticiniis
1611 2240 1759 2303 nihil
1802 2242 1987 2306 videri
2027 2246 2222 2305 debuit
2256 2267 2488 2347 qpcom-

152 2314 481 2409 Qatius.
582 2328 764 2389 Poeta
820 2336 972 2388 certe
1034 2325 1279 2406 egregie
1336 2328 1491 2388 hanc
1549 2336 1807 2389 veterum
1863 2328 2326 2408 superstitionem
2381 2353 2484 2392 seu

140 2400 517 2498 ffliffljgionem
557 2421 646 2474 est
682 2411 1022 2493 amplexus,
1084 2411 1485 2494 maiorumque
1537 2411 1696 2473 ¹fama
1735 2420 1793 2474 et
1846 2410 2222 2481 historiarum
2265 2414 2376 2476 fide
2422 2416 2485 2476 in

164 2495 454 2561 minuis
496 2498 624 2560 suis
666 2498 750 2560 ita
786 2518 932 2559 usus
975 2507 1100 2576 est,
1144 2505 1210 2558 ut
1249 2518 1353 2579 per
1390 2498 1642 2559 fatorum
1672 2501 1900 2559 decreta
1938 2501 2272 2570 acdeorum
2301 2500 2487 2563 inter-

48 2615 81 2634 ν
160 2574 407 2647 ,ventum
449 2584 643 2646 omnia
685 2587 922 2645 narrata
987 2585 1395 2665 procederent:
1460 2583 1580 2661 (cf.
1619 2583 1767 2647 Aen.
1795 2584 1882 2661 X,
1926 2582 2029 2645 33.
2072 2583 2186 2660 lv,
2227 2582 2374 2650 345.
2419 2586 2483 2653 6.

163 2670 287 2748 VI,
330 2667 682 2747 59—61.)
771 2667 998 2731 Callide
1035 2677 1259 2747 autem,
1302 2670 1378 2730 ab
1421 2668 1688 2730 obscuris
1728 2677 1786 2728 et
1833 2667 2071 2729 incertis
2116 2673 2186 2730 ad
2232 2671 2483 2734 certiora

152 2754 478 2835 -rnagisque
536 2752 770 2815 definita
826 2773 1210 2833 progressus,
1264 2752 1524 2815 discendi
1583 2752 1953 2835 cupiditatem
2019 2754 2265 2816 subinde
2307 2756 2479 2819 novis

158 2838 426 2922 stimulis
477 2837 746 2900 incendit.
842 2836 979 2899 Etsi
1040 2838 1196 2898 enim
1225 2891 1229 2902 .
1255 2837 1598 2900 Cassandra
1668 2841 1879 2899 dudum
1947 2838 2357 2919 prosectionem
2417 2842 2483 2903 in

162 2923 421 2986 Italiam*
436 2923 838 3007 praedixerat,
897 2923 957 2983 id
996 2931 1188 2984 tamen
1226 2923 1443 2985 factum
1488 2931 1611 2984 erat
1656 2926 1930 3001 obscure,
1989 2923 2283 3001 Hesperia
2323 2946 2484 2988 com·-

160 3018 551 3086 memorata,
584 3010 645 3073 h.
690 3029 742 3073 e.
805 3018 959 3070 terra
1015 3007 1213 3087 aliqua
1270 3015 1481 3070 versus
1520 3006 1868 3084 occidentem
1913 3007 2062 3085 sita,
2127 3017 2247 3068 tum
2290 3011 2364 3070 ab
2411 3031 2484 3072 ea

161 3079 493 3173 ntefi‘'”³i':ui
538 3115 705 3184 nemo
747 3093 916 3154 fidem
958 3092 1199 3154 haberet
1242 3089 1340 3176 (v.
1380 3092 1530 3156 Aen.
1563 3093 1685 3170 ΠΙ,
1731 3092 1875 3157 183.
1923 3090 2055 3175 sq.)
2141 3092 2482 3173 ignoratum

163 3175 495 3259 Hesperiae
545 3179 724 3240 situm
766 3177 978 3239 Heleni
1041 3179 1217 3240 verba
1277 3186 1537 3259 arguunt
1583 3177 1686 3241 lib.
1728 3178 1851 3256 111,
1895 3178 2042 3242 331.
2104 3177 2179 3241 cf.
2224 3175 2373 3243 478.
2418 3178 2481 3244 9.

162 3264 353 3327 Recte
409 3264 596 3343 igitur
638 3268 864 3325 Aeneas
919 3263 1109 3324 dicere
1169 3272 1387 3344 potest,
1451 3284 1516 3325 se
1554 3261 1741 3324 Troia
1799 3264 2085 3343 profectos
2144 3261 2483 3343 lacertos,

163 3370 296 3431 quo
336 3346 516 3432 fata
556 3345 807 3431 ferant
823 3371 851 3424 ,·
904 3346 1021 3409 abi
1072 3346 1301 3409 sistere
1352 3346 1549 3409 detur
1602 3348 1724 3424 111,
1784 3347 1850 3411 7.
1949 3347 2163 3411 Verum
2225 3348 2291 3409 in
2350 3349 2480 3431 ipso

166 3456 366 3495 rerum
427 3444 792 3495 narratarum
846 3433 1045 3495 ordine
1105 3435 1256 3514 apud
1315 3440 1581 3514 poetam,
1645 3431 1895 3513 primum
1955 3434 2046 3511 ll,
2110 3431 2263 3497 281.
2305 3453 2477 3514 sqq.,

164 3517 440 3581 Hectoris
482 3521 692 3598 umbra
731 3519 964 3580 Aeneae
1014 3538 1119 3597 per
1160 3537 1425 3579 somnum
1467 3520 1671 3579 suadet
1712 3518 1915 3598 fugam
1935 3566 1951 3594 ,
2008 3540 2356 3599 novamque
2411 3516 2482 3580 in

166 3604 316 3665 alia
343 3615 527 3666 terra
540 3647 568 3678 ,
610 3604 790 3665 ultra
817 3625 1033 3679 mare,
1074 3605 1223 3682 quod
1256 3603 1547 3665 Tmadem
1576 3601 1793 3680 alluat,
1840 3603 2153 3665 coloniam
2184 3601 2482 3681 promittit.

158 3688 323 3750 -Mox
380 3687 680 3768 auspicia,
758 3688 1009 3770 primum
1061 3689 1326 3749 flammae
1386 3688 1453 3747 in
1511 3686 1626 3747 Iuli
1680 3688 1897 3769 capite,
1967 3689 2058 3765 11,
2118 3686 2303 3764 681„
2360 3696 2481 3748 tum

106 3845 111 3850 ⁴
160 3774 381 3834 »exorti
405 3774 597 3835 subito
639 3771 880 3834 meteori
944 3795 1000 3835 v.
1045 3771 1229 3850 692„
1288 3780 1592 3851 receptum·
1641 3773 1713 3833 ad
1756 3775 1896 3835 ldae
1948 3771 2170 3833 inunita
2227 3770 2355 3833 loca
2410 3783 2479 3834 et

160 3880 346 3940 spem
381 3856 791 3940 posteritatis
844 3879 937 3919 ex
972 3856 1122 3919 Iulo
1166 3861 1500 3934 ostendunt3
1555 3878 1664 3919 nec
1709 3879 1826 3919 non
1869 3858 2092 3920 Creiisa
2134 3856 2480 3937 Hesperiam

46 3961 59 4010 l
162 3947 369 4006 sedem
393 3945 668 4022 futuram,
701 3953 758 4004 et
786 3942 997 4004 Tiberi
1025 3943 1257 4024 quidem
1282 3959 1453 4003 amne
1487 3963 1638 4004 nunc
1667 3942 1914 4023 primum
1948 3940 2259 4017 nominato,
2295 3942 2481 4003 iuter-

46 4043 55 4124 ἲ
164 4039 431 4107 pretatur
464 4050 522 4092 v:
553 4028 711 4092 781.·
737 4050 869 4110 sqq.
900 4059 919 4074 ¹-
954 4028 1023 4089 ln
1047 4026 1191 4088 Delo
1225 4027 1766 4088 Phoebioracnlum
1812 4048 1937 4088 eam
1980 4035 2187 4087 terram
2228 4026 2480 4096 declarat

163 4117 493 4175 adeundam
539 4134 672 4175 esse
689 4161 705 4191 ‚
761 4134 793 4175 e
854 4131 968 4193 qua
1010 4110 1290 4174 Troiani
1344 4111 1655 4191 originem
1712 4111 1952 4173 ducant
1966 4133 1991 4188 ‚⁶
2013 4142 2019 4145 ⁴
2045 4108 2141 4172 iln·
2180 4133 2479 4191 magnum

62 4201 71 4210 “
156 4197 511 4281 imper-ium
573 4196 1029 4264 constituturos
1102 4219 1249 4259 esse·
1291 4196 1564 4261 Aeneae
1627 4208 1954 4279 postero-5,
2010 4196 2097 4256 ΠΙ
2117 4244 2133 4273 ,
2175 4193 2301 4260 94.
2344 4219 2478 4279 sqq.

146 4304 318 4364 ¹quae
356 4306 487 4347 cum
530 4283 624 4345 illi
655 4284 809 4345 male
831 4287 899 4345 de
928 4284 1105 4345 Creta
1133 4282 1520 4363 accepissent,
1567 4281 1741 4362 inque
1766 4283 1876 4342 hac
1918 4280 2215 4344 considere
2245 4282 2475 4360 vellent,

46 4361 413 4476 j'sss.·''1²euates
456 4391 587 4453 per*
608 4389 881 4450 somnum
919 4370 1159 4430 Aeneae
1197 4367 1375 4429 oblati
1428 4372 1500 4429 de
1544 4368 1715 4428 ltalia
1765 4366 2128 4436 manifestius
2182 4376 2478 4446 exponunt

96 4491 103 4500 .
150 4469 227 4522 Ὺ.
257 4457 299 4521 1
434 4478 569 4539 sqq.
588 4480 611 4538 ς.
633 4463 766 4539 post
789 4454 1064 4537 quasilla
1082 4462 1242 4516 recte
1266 4455 1345 4517 ab.
1362 4452 1570 4516 Aenea
1593 4450 1710 4513 dici
1735 4459 2060 4531 potuerunt,
2093 4454 2141 4534 Ι,
2165 4450 2334 4519 380..
2346 4471 2478 4529 sqq.

46 4565 99 4852 k
144 4633 147 4636 A
1926 4539 2038 4602 132
