<?xml version="1.0" encoding="UTF-8"?>
<!DOCTYPE html PUBLIC "-//W3C//DTD XHTML 1.0 Transitional//EN"
    "http://www.w3.org/TR/xhtml1/DTD/xhtml1-transitional.dtd">
<html xmlns="http://www.w3.org/1999/xhtml" xml:lang="en" lang="en">
 <head>
  <title>
</title>
<meta http-equiv="Content-Type" content="text/html;charset=utf-8" />
  <meta name='ocr-system' content='tesseract 3.04.00' />
  <meta name='ocr-capabilities' content='ocr_page ocr_carea ocr_par ocr_line ocrx_word'/>
</head>
<body>
  <div class='ocr_page' id='page_1' title='image "./pvirgiliimaroni00forbgoog_0203.png"; bbox 0 0 2870 4981; ppageno 0'>
   <div class='ocr_carea' id='block_1_1' title="bbox 928 310 2464 413">
    <p class='ocr_par' dir='ltr' id='par_1_1' title="bbox 928 310 2464 413">
     <span class='ocr_line' id='line_1_1' title="bbox 928 310 2464 413; baseline 0.008 -37"><span class='ocrx_word' id='word_1_1' title='bbox 928 310 1340 413; x_wconf 63' lang='lat' dir='ltr'><strong>Auunmos</strong></span> <span class='ocrx_word' id='word_1_2' title='bbox 1399 315 1553 383; x_wconf 78' lang='lat' dir='ltr'><strong>me.</strong></span> <span class='ocrx_word' id='word_1_3' title='bbox 1591 317 1671 386; x_wconf 86' lang='lat'><strong>11.</strong></span> <span class='ocrx_word' id='word_1_4' title='bbox 2338 326 2464 391; x_wconf 75' lang='lat'><strong>187</strong></span> 
     </span>
    </p>
   </div>
   <div class='ocr_carea' id='block_1_2' title="bbox 168 500 1565 584">
    <p class='ocr_par' dir='ltr' id='par_1_2' title="bbox 168 500 1565 584">
     <span class='ocr_line' id='line_1_2' title="bbox 168 500 1565 584; baseline -0.001 -20"><span class='ocrx_word' id='word_1_5' title='bbox 168 503 429 564; x_wconf 81' lang='lat' dir='ltr'><strong>Laocoon</strong></span> <span class='ocrx_word' id='word_1_6' title='bbox 442 547 459 577; x_wconf 88' lang='lat'><strong>,</strong></span> <span class='ocrx_word' id='word_1_7' title='bbox 502 501 705 563; x_wconf 83' lang='lat' dir='ltr'><strong>ductus</strong></span> <span class='ocrx_word' id='word_1_8' title='bbox 748 500 765 562; x_wconf 90' lang='lat'>1</span> <span class='ocrx_word' id='word_1_9' title='bbox 1547 553 1565 584; x_wconf 88' lang='lat'><strong>,</strong></span> 
     </span>
    </p>
   </div>
   <div class='ocr_carea' id='block_1_3' title="bbox 168 585 1713 656">
    <p class='ocr_par' dir='ltr' id='par_1_3' title="bbox 168 585 1713 656">
     <span class='ocr_line' id='line_1_3' title="bbox 168 585 1713 656; baseline 0.004 -8"><span class='ocrx_word' id='word_1_10' title='bbox 168 585 466 648; x_wconf 85' lang='lat' dir='ltr'><strong>Sollemnis</strong></span> <span class='ocrx_word' id='word_1_11' title='bbox 510 594 735 647; x_wconf 82' lang='lat' dir='ltr'><strong>taurum</strong></span> <span class='ocrx_word' id='word_1_12' title='bbox 1555 611 1713 656; x_wconf 76' lang='lat' dir='ltr'><strong>aras.</strong></span> 
     </span>
    </p>
   </div>
   <div class='ocr_carea' id='block_1_4' title="bbox 146 671 2529 923">
    <p class='ocr_par' dir='ltr' id='par_1_4' title="bbox 146 671 2529 923">
     <span class='ocr_line' id='line_1_4' title="bbox 164 671 1821 757; baseline 0.002 -24"><span class='ocrx_word' id='word_1_13' title='bbox 164 671 308 733; x_wconf 77' lang='lat' dir='ltr'><strong>Ecce</strong></span> <span class='ocrx_word' id='word_1_14' title='bbox 349 679 538 729; x_wconf 85' lang='lat' dir='ltr'><strong>autem</strong></span> <span class='ocrx_word' id='word_1_15' title='bbox 581 672 765 750; x_wconf 78' lang='lat' dir='ltr'><strong>gemin</strong></span> <span class='ocrx_word' id='word_1_16' title='bbox 1554 696 1660 757; x_wconf 85' lang='lat' dir='ltr'><strong>per</strong></span> <span class='ocrx_word' id='word_1_17' title='bbox 1700 673 1821 736; x_wconf 80' lang='lat' dir='ltr'><strong>alta</strong></span> 
     </span>
     <span class='ocr_line' id='line_1_5' title="bbox 146 755 1892 839; baseline 0.005 -25"><span class='ocrx_word' id='word_1_18' title='bbox 146 786 240 836; x_wconf 80' lang='lat'><strong>.··’</strong></span> <span class='ocrx_word' id='word_1_19' title='bbox 277 755 567 815; x_wconf 83' lang='lat' dir='ltr'><strong>Horresco</strong></span> <span class='ocrx_word' id='word_1_20' title='bbox 614 757 764 816; x_wconf 82' lang='lat' dir='ltr'><strong>refer</strong></span> <span class='ocrx_word' id='word_1_21' title='bbox 1535 782 1620 821; x_wconf 77' lang='lat' dir='ltr'><strong>»us</strong></span> <span class='ocrx_word' id='word_1_22' title='bbox 1668 780 1892 839; x_wconf 74' lang='lat' dir='ltr'><strong>angues</strong></span> 
     </span>
     <span class='ocr_line' id='line_1_6' title="bbox 161 839 2529 923; baseline 0.005 -22"><span class='ocrx_word' id='word_1_23' title='bbox 161 841 490 902; x_wconf 85' lang='lat' dir='ltr'><strong>lucumhunt</strong></span> <span class='ocrx_word' id='word_1_24' title='bbox 530 839 776 921; x_wconf 81' lang='lat' dir='ltr'><strong>pelago,</strong></span> <span class='ocrx_word' id='word_1_25' title='bbox 824 873 1154 922; x_wconf 63' lang='lat' dir='ltr'><strong>parum-que</strong></span> <span class='ocrx_word' id='word_1_26' title='bbox 1196 873 1267 904; x_wconf 81' lang='lat' dir='ltr'><strong>au</strong></span> <span class='ocrx_word' id='word_1_27' title='bbox 1313 873 1485 905; x_wconf 79' lang='lat' dir='ltr'><strong>mora</strong></span> <span class='ocrx_word' id='word_1_28' title='bbox 1535 849 1842 923; x_wconf 72' lang='lat' dir='ltr'><strong>teudun130</strong></span> <span class='ocrx_word' id='word_1_29' title='bbox 2334 849 2463 914; x_wconf 81' lang='lat'><strong>205</strong></span> <span class='ocrx_word' id='word_1_30' title='bbox 2518 858 2529 863; x_wconf 74' lang='grc'><strong>“</strong></span> 
     </span>
    </p>
   </div>
   <div class='ocr_carea' id='block_1_5' title="bbox 159 925 1810 1095">
    <p class='ocr_par' dir='ltr' id='par_1_5' title="bbox 159 925 1810 1095">
     <span class='ocr_line' id='line_1_7' title="bbox 159 925 1754 1008; baseline 0.001 -20"><span class='ocrx_word' id='word_1_31' title='bbox 159 925 391 988; x_wconf 80' lang='lat' dir='ltr'><strong>Pectora</strong></span> <span class='ocrx_word' id='word_1_32' title='bbox 435 945 707 1004; x_wconf 87' lang='lat' dir='ltr'><strong>quorum,</strong></span> <span class='ocrx_word' id='word_1_33' title='bbox 754 927 903 987; x_wconf 88' lang='lat' dir='ltr'><strong>iuter</strong></span> <span class='ocrx_word' id='word_1_34' title='bbox 944 929 1159 989; x_wconf 51' lang='lat' dir='ltr'><strong>fluetus¹</strong></span> <span class='ocrx_word' id='word_1_35' title='bbox 1197 940 1421 990; x_wconf 81' lang='lat' dir='ltr'><strong>arrecta</strong></span> <span class='ocrx_word' id='word_1_36' title='bbox 1467 929 1754 1008; x_wconf 73' lang='lat' dir='ltr'>iubaeque</span> 
     </span>
     <span class='ocr_line' id='line_1_8' title="bbox 161 1006 1810 1095; baseline 0.001 -23"><span class='ocrx_word' id='word_1_37' title='bbox 161 1009 536 1089; x_wconf 79' lang='lat' dir='ltr'><strong>Sanguineae</strong></span> <span class='ocrx_word' id='word_1_38' title='bbox 571 1021 846 1092; x_wconf 83' lang='lat' dir='ltr'><strong>superant</strong></span> <span class='ocrx_word' id='word_1_39' title='bbox 887 1015 1109 1091; x_wconf 80' lang='lat' dir='ltr'><strong>uudaS,</strong></span> <span class='ocrx_word' id='word_1_40' title='bbox 1156 1034 1294 1095; x_wconf 84' lang='lat' dir='ltr'><strong>pars</strong></span> <span class='ocrx_word' id='word_1_41' title='bbox 1343 1023 1535 1094; x_wconf 74' lang='lat' dir='ltr'><strong>cetera</strong></span> <span class='ocrx_word' id='word_1_42' title='bbox 1580 1006 1810 1095; x_wconf 86' lang='lat' dir='ltr'><strong>pontum&#39;</strong></span> 
     </span>
    </p>
   </div>
   <div class='ocr_carea' id='block_1_6' title="bbox 66 1175 2513 3962">
    <p class='ocr_par' dir='ltr' id='par_1_6' title="bbox 66 1175 2513 3962">
     <span class='ocr_line' id='line_1_9' title="bbox 132 1175 2469 1250; baseline 0.003 -20"><span class='ocrx_word' id='word_1_43' title='bbox 132 1175 392 1230; x_wconf 81' lang='lat' dir='ltr'><strong>‘historiis</strong></span> <span class='ocrx_word' id='word_1_44' title='bbox 435 1177 546 1231; x_wconf 88' lang='lat' dir='ltr'><strong>hoc</strong></span> <span class='ocrx_word' id='word_1_45' title='bbox 594 1177 821 1243; x_wconf 79' lang='lat' dir='ltr'><strong>habuit3</strong></span> <span class='ocrx_word' id='word_1_46' title='bbox 872 1177 1169 1234; x_wconf 89' lang='lat' dir='ltr'><strong>interemto</strong></span> <span class='ocrx_word' id='word_1_47' title='bbox 1216 1179 1368 1232; x_wconf 88' lang='lat' dir='ltr'><strong>enim</strong></span> <span class='ocrx_word' id='word_1_48' title='bbox 1416 1180 1664 1250; x_wconf 83' lang='lat' dir='ltr'>Neptuni</span> <span class='ocrx_word' id='word_1_49' title='bbox 1714 1181 2029 1245; x_wconf 73' lang='lat' dir='ltr'>sacerdote,</span> <span class='ocrx_word' id='word_1_50' title='bbox 2082 1197 2151 1234; x_wconf 81' lang='lat' dir='ltr'><strong>ex</strong></span> <span class='ocrx_word' id='word_1_51' title='bbox 2188 1179 2356 1249; x_wconf 76' lang='lat' dir='ltr'><strong>&#39;atits,</strong></span> <span class='ocrx_word' id='word_1_52' title='bbox 2405 1196 2469 1241; x_wconf 84' lang='lat' dir='ltr'><strong>ut</strong></span> 
     </span>
     <span class='ocr_line' id='line_1_10' title="bbox 154 1245 2470 1321; baseline 0.003 -23"><span class='ocrx_word' id='word_1_53' title='bbox 154 1261 269 1298; x_wconf 84' lang='lat' dir='ltr'><strong>mos</strong></span> <span class='ocrx_word' id='word_1_54' title='bbox 318 1255 464 1311; x_wconf 83' lang='lat' dir='ltr'><strong>erat,</strong></span> <span class='ocrx_word' id='word_1_55' title='bbox 513 1245 899 1318; x_wconf 78' lang='lat' dir='ltr'><strong>sacerdotibus</strong></span> <span class='ocrx_word' id='word_1_56' title='bbox 937 1249 1234 1313; x_wconf 84' lang='lat' dir='ltr'><strong>Laocoon,</strong></span> <span class='ocrx_word' id='word_1_57' title='bbox 1289 1248 1386 1321; x_wconf 88' lang='lat' dir='ltr'><strong>qui</strong></span> <span class='ocrx_word' id='word_1_58' title='bbox 1423 1249 1707 1317; x_wconf 79' lang='lat' dir='ltr'><strong>Apollinis</strong></span> <span class='ocrx_word' id='word_1_59' title='bbox 1742 1247 2085 1315; x_wconf 78' lang='lat' dir='ltr'>Thymbraei</span> <span class='ocrx_word' id='word_1_60' title='bbox 2123 1259 2269 1315; x_wconf 77' lang='lat' dir='ltr'><strong>erat,</strong></span> <span class='ocrx_word' id='word_1_61' title='bbox 2321 1262 2470 1306; x_wconf 83' lang='lat' dir='ltr'><strong>sorte</strong></span> 
     </span>
     <span class='ocr_line' id='line_1_11' title="bbox 153 1312 2467 1384; baseline 0.002 -16"><span class='ocrx_word' id='word_1_62' title='bbox 153 1312 506 1381; x_wconf 75' lang='lat' dir='ltr'><strong>obtingente,</strong></span> <span class='ocrx_word' id='word_1_63' title='bbox 561 1315 803 1381; x_wconf 82' lang='lat' dir='ltr'><strong>Neptuni</strong></span> <span class='ocrx_word' id='word_1_64' title='bbox 847 1331 998 1368; x_wconf 86' lang='lat' dir='ltr'><strong>sacra</strong></span> <span class='ocrx_word' id='word_1_65' title='bbox 1037 1313 1282 1381; x_wconf 80' lang='lat' dir='ltr'><strong>curavit,</strong></span> <span class='ocrx_word' id='word_1_66' title='bbox 1324 1325 1385 1368; x_wconf 87' lang='lat' dir='ltr'><strong>ut</strong></span> <span class='ocrx_word' id='word_1_67' title='bbox 1419 1326 1606 1368; x_wconf 81' lang='lat' dir='ltr'><strong>narrat</strong></span> <span class='ocrx_word' id='word_1_68' title='bbox 1641 1317 1796 1369; x_wconf 75' lang='lat' dir='ltr'><strong>Serv.</strong></span> <span class='ocrx_word' id='word_1_69' title='bbox 1838 1333 1905 1366; x_wconf 82' lang='lat' dir='ltr'><strong>ex</strong></span> <span class='ocrx_word' id='word_1_70' title='bbox 1942 1316 2335 1384; x_wconf 80' lang='lat' dir='ltr'><strong>Euphorione3</strong></span> <span class='ocrx_word' id='word_1_71' title='bbox 2372 1324 2467 1373; x_wconf 72' lang='lat' dir='ltr'><strong>vel</strong></span> 
     </span>
     <span class='ocr_line' id='line_1_12' title="bbox 150 1382 2490 1455; baseline 0.002 -22"><span class='ocrx_word' id='word_1_72' title='bbox 150 1397 321 1434; x_wconf 88' lang='lat' dir='ltr'><strong>unum</strong></span> <span class='ocrx_word' id='word_1_73' title='bbox 358 1382 654 1434; x_wconf 87' lang='lat' dir='ltr'><strong>sacerdotii</strong></span> <span class='ocrx_word' id='word_1_74' title='bbox 693 1382 1041 1451; x_wconf 86' lang='lat' dir='ltr'><strong>adipiscendi</strong></span> <span class='ocrx_word' id='word_1_75' title='bbox 1069 1385 1301 1437; x_wconf 84' lang='lat' dir='ltr'><strong>modum</strong></span> <span class='ocrx_word' id='word_1_76' title='bbox 1337 1401 1367 1435; x_wconf 89' lang='lat' dir='ltr'><strong>e</strong></span> <span class='ocrx_word' id='word_1_77' title='bbox 1402 1382 1662 1454; x_wconf 87' lang='lat' dir='ltr'><strong>pluribus</strong></span> <span class='ocrx_word' id='word_1_78' title='bbox 1702 1383 1916 1452; x_wconf 75' lang='lat' dir='ltr'><strong>posuit,</strong></span> <span class='ocrx_word' id='word_1_79' title='bbox 1956 1392 2013 1434; x_wconf 88' lang='lat' dir='ltr'><strong>ut</strong></span> <span class='ocrx_word' id='word_1_80' title='bbox 2047 1386 2225 1451; x_wconf 70' lang='lat' dir='ltr'><strong>poeta.</strong></span> <span class='ocrx_word' id='word_1_81' title='bbox 2256 1405 2260 1410; x_wconf 60' lang='lat'><em>¹</em></span> <span class='ocrx_word' id='word_1_82' title='bbox 2299 1388 2490 1455; x_wconf 55' lang='lat' dir='ltr'><strong>Quod‘</strong></span> 
     </span>
     <span class='ocr_line' id='line_1_13' title="bbox 150 1447 2467 1522; baseline 0.003 -21"><span class='ocrx_word' id='word_1_83' title='bbox 150 1457 327 1502; x_wconf 76' lang='lat' dir='ltr'><strong>autem</strong></span> <span class='ocrx_word' id='word_1_84' title='bbox 367 1447 426 1501; x_wconf 91' lang='lat' dir='ltr'><strong>in</strong></span> <span class='ocrx_word' id='word_1_85' title='bbox 465 1448 556 1503; x_wconf 83' lang='lat' dir='ltr'><strong>his</strong></span> <span class='ocrx_word' id='word_1_86' title='bbox 578 1449 856 1502; x_wconf 87' lang='lat' dir='ltr'><strong>adiunctis</strong></span> <span class='ocrx_word' id='word_1_87' title='bbox 881 1452 1068 1518; x_wconf 87' lang='lat' dir='ltr'><strong>paullo</strong></span> <span class='ocrx_word' id='word_1_88' title='bbox 1098 1450 1378 1519; x_wconf 87' lang='lat' dir='ltr'><strong>copiosior</strong></span> <span class='ocrx_word' id='word_1_89' title='bbox 1405 1459 1520 1516; x_wconf 84' lang='lat' dir='ltr'><strong>est,</strong></span> <span class='ocrx_word' id='word_1_90' title='bbox 1561 1468 1631 1502; x_wconf 79' lang='lat' dir='ltr'><strong>ex</strong></span> <span class='ocrx_word' id='word_1_91' title='bbox 1660 1469 1726 1505; x_wconf 81' lang='lat' dir='ltr'><strong>eo</strong></span> <span class='ocrx_word' id='word_1_92' title='bbox 1763 1461 1934 1502; x_wconf 84' lang='lat' dir='ltr'><strong>artem</strong></span> <span class='ocrx_word' id='word_1_93' title='bbox 1963 1453 2158 1518; x_wconf 70' lang='lat' dir='ltr'><strong>poetae</strong></span> <span class='ocrx_word' id='word_1_94' title='bbox 2185 1470 2467 1522; x_wconf 76' lang='lat' dir='ltr'><strong>agnosce;</strong></span> 
     </span>
     <span class='ocr_line' id='line_1_14' title="bbox 149 1516 2467 1586; baseline 0.004 -18"><span class='ocrx_word' id='word_1_95' title='bbox 149 1516 272 1569; x_wconf 78' lang='lat' dir='ltr'><strong>facit</strong></span> <span class='ocrx_word' id='word_1_96' title='bbox 307 1517 459 1569; x_wconf 88' lang='lat' dir='ltr'><strong>enim</strong></span> <span class='ocrx_word' id='word_1_97' title='bbox 488 1517 1024 1585; x_wconf 81' lang='lat' dir='ltr'><strong>exspectationem.·‘</strong></span> <span class='ocrx_word' id='word_1_98' title='bbox 1054 1516 1141 1571; x_wconf 88' lang='lat' dir='ltr'><strong>H.</strong></span> <span class='ocrx_word' id='word_1_99' title='bbox 1215 1519 1400 1586; x_wconf 86' lang='lat' dir='ltr'><strong>Quum</strong></span> <span class='ocrx_word' id='word_1_100' title='bbox 1438 1527 1624 1570; x_wconf 88' lang='lat' dir='ltr'><strong>autem</strong></span> <span class='ocrx_word' id='word_1_101' title='bbox 1655 1528 1840 1572; x_wconf 75' lang='lat' dir='ltr'><strong>sortes</strong></span> <span class='ocrx_word' id='word_1_102' title='bbox 1865 1519 2161 1574; x_wconf 73' lang='lat' dir='ltr'><strong>ducantur</strong></span> <span class='ocrx_word' id='word_1_103' title='bbox 2195 1521 2292 1586; x_wconf 64' lang='lat' dir='ltr'><strong>(ef.</strong></span> <span class='ocrx_word' id='word_1_104' title='bbox 2320 1522 2467 1577; x_wconf 79' lang='lat' dir='ltr'><strong>infra</strong></span> 
     </span>
     <span class='ocr_line' id='line_1_15' title="bbox 149 1575 2465 1652; baseline 0.004 -16"><span class='ocrx_word' id='word_1_105' title='bbox 149 1585 246 1649; x_wconf 87' lang='lat' dir='ltr'><strong>VI,</strong></span> <span class='ocrx_word' id='word_1_106' title='bbox 279 1575 373 1636; x_wconf 79' lang='grc'><strong>22.</strong></span> <span class='ocrx_word' id='word_1_107' title='bbox 407 1584 679 1640; x_wconf 77' lang='lat' dir='ltr'><strong>Cic.‘Div.</strong></span> <span class='ocrx_word' id='word_1_108' title='bbox 711 1587 764 1650; x_wconf 89' lang='lat'><strong>1,</strong></span> <span class='ocrx_word' id='word_1_109' title='bbox 801 1587 891 1650; x_wconf 89' lang='grc'><strong>18,</strong></span> <span class='ocrx_word' id='word_1_110' title='bbox 924 1587 1008 1636; x_wconf 76' lang='grc'><strong>34.</strong></span> <span class='ocrx_word' id='word_1_111' title='bbox 1039 1589 1105 1650; x_wconf 92' lang='lat'><strong>11,</strong></span> <span class='ocrx_word' id='word_1_112' title='bbox 1135 1589 1219 1638; x_wconf 84' lang='lat'><strong>33.</strong></span> <span class='ocrx_word' id='word_1_113' title='bbox 1253 1587 1329 1637; x_wconf 87' lang='lat' dir='ltr'><strong>in.</strong></span> <span class='ocrx_word' id='word_1_114' title='bbox 1361 1589 1552 1651; x_wconf 87' lang='lat' dir='ltr'><strong>cett.),</strong></span> <span class='ocrx_word' id='word_1_115' title='bbox 1592 1587 1788 1652; x_wconf 88' lang='lat' dir='ltr'><strong>etiam,</strong></span> <span class='ocrx_word' id='word_1_116' title='bbox 1870 1588 1924 1638; x_wconf 88' lang='lat' dir='ltr'><strong>ui</strong></span> <span class='ocrx_word' id='word_1_117' title='bbox 1953 1595 2100 1639; x_wconf 82' lang='lat' dir='ltr'><strong>sorte</strong></span> <span class='ocrx_word' id='word_1_118' title='bbox 2130 1589 2465 1646; x_wconf 83' lang='lat' dir='ltr'><strong>constitutus</strong></span> 
     </span>
     <span class='ocr_line' id='line_1_16' title="bbox 148 1652 2467 1723; baseline 0.002 -18"><span class='ocrx_word' id='word_1_119' title='bbox 148 1661 225 1706; x_wconf 79' lang='lat' dir='ltr'><strong>est</strong></span> <span class='ocrx_word' id='word_1_120' title='bbox 258 1653 556 1720; x_wconf 84' lang='lat' dir='ltr'><strong>sacerdos,</strong></span> <span class='ocrx_word' id='word_1_121' title='bbox 609 1653 728 1721; x_wconf 89' lang='lat' dir='ltr'><strong>ipse</strong></span> <span class='ocrx_word' id='word_1_122' title='bbox 777 1653 988 1705; x_wconf 77' lang='lat' dir='ltr'><strong>ductus</strong></span> <span class='ocrx_word' id='word_1_123' title='bbox 1023 1662 1268 1706; x_wconf 75' lang='lat' dir='ltr'><strong>vocatur.</strong></span> <span class='ocrx_word' id='word_1_124' title='bbox 1305 1683 1371 1695; x_wconf 93' lang='lat'><em>-</em></span> <span class='ocrx_word' id='word_1_125' title='bbox 1438 1670 1689 1722; x_wconf 77' lang='lat' dir='ltr'><strong>„aras</strong></span> <span class='ocrx_word' id='word_1_126' title='bbox 1723 1652 1845 1707; x_wconf 80' lang='lat' dir='ltr'><strong>sol</strong></span> <span class='ocrx_word' id='word_1_127' title='bbox 1890 1671 2124 1707; x_wconf 81' lang='lat' dir='ltr'><strong>emnes</strong></span> <span class='ocrx_word' id='word_1_128' title='bbox 2163 1655 2338 1723; x_wconf 80' lang='lat' dir='ltr'>dixit,</span> <span class='ocrx_word' id='word_1_129' title='bbox 2392 1660 2467 1714; x_wconf 88' lang='lat' dir='ltr'><strong>ad</strong></span> 
     </span>
     <span class='ocr_line' id='line_1_17' title="bbox 147 1718 2470 1795; baseline 0.005 -26"><span class='ocrx_word' id='word_1_130' title='bbox 147 1737 279 1793; x_wconf 85' lang='lat' dir='ltr'><strong>quas</strong></span> <span class='ocrx_word' id='word_1_131' title='bbox 317 1723 599 1772; x_wconf 85' lang='lat' dir='ltr'><strong>sollemne</strong></span> <span class='ocrx_word' id='word_1_132' title='bbox 634 1718 964 1772; x_wconf 85' lang='lat' dir='ltr'><strong>sacrificium</strong></span> <span class='ocrx_word' id='word_1_133' title='bbox 1002 1719 1327 1789; x_wconf 76' lang='lat' dir='ltr'><strong>parabatur3</strong></span> <span class='ocrx_word' id='word_1_134' title='bbox 1381 1730 1443 1774; x_wconf 85' lang='lat' dir='ltr'><strong>ut</strong></span> <span class='ocrx_word' id='word_1_135' title='bbox 1473 1719 1762 1774; x_wconf 67' lang='lat' dir='ltr'><strong>sollemnis</strong></span> <span class='ocrx_word' id='word_1_136' title='bbox 1802 1720 2041 1787; x_wconf 71' lang='lat' dir='ltr'><strong>Circus,</strong></span> <span class='ocrx_word' id='word_1_137' title='bbox 2100 1723 2157 1774; x_wconf 90' lang='lat' dir='ltr'><strong>in</strong></span> <span class='ocrx_word' id='word_1_138' title='bbox 2198 1741 2312 1795; x_wconf 84' lang='lat' dir='ltr'><strong>quo</strong></span> <span class='ocrx_word' id='word_1_139' title='bbox 2347 1728 2470 1780; x_wconf 86' lang='lat' dir='ltr'><strong>sol-</strong></span> 
     </span>
     <span class='ocr_line' id='line_1_18' title="bbox 144 1786 2460 1858; baseline 0.002 -19"><span class='ocrx_word' id='word_1_140' title='bbox 144 1789 356 1841; x_wconf 86' lang='lat' dir='ltr'><strong>lemnes</strong></span> <span class='ocrx_word' id='word_1_141' title='bbox 395 1789 514 1839; x_wconf 89' lang='lat' dir='ltr'><strong>ludi</strong></span> <span class='ocrx_word' id='word_1_142' title='bbox 556 1786 855 1852; x_wconf 85' lang='lat' dir='ltr'><strong>habentur,</strong></span> <span class='ocrx_word' id='word_1_143' title='bbox 896 1787 1060 1839; x_wconf 87' lang='lat' dir='ltr'><strong>Ovid.</strong></span> <span class='ocrx_word' id='word_1_144' title='bbox 1091 1791 1232 1841; x_wconf 90' lang='lat' dir='ltr'><strong>Fast.</strong></span> <span class='ocrx_word' id='word_1_145' title='bbox 1261 1791 1328 1855; x_wconf 89' lang='lat' dir='ltr'><strong>V,</strong></span> <span class='ocrx_word' id='word_1_146' title='bbox 1358 1793 1476 1842; x_wconf 85' lang='lat'><strong>597.</strong></span> <span class='ocrx_word' id='word_1_147' title='bbox 1506 1787 1802 1841; x_wconf 76' lang='lat' dir='ltr'><strong>sollemnia</strong></span> <span class='ocrx_word' id='word_1_148' title='bbox 1837 1788 2240 1856; x_wconf 71' lang='lat' dir='ltr'><strong>theatra,¹Art.</strong></span> <span class='ocrx_word' id='word_1_149' title='bbox 2269 1793 2309 1858; x_wconf 89' lang='grc' dir='ltr'><strong>Ι,</strong></span> <span class='ocrx_word' id='word_1_150' title='bbox 2344 1798 2460 1848; x_wconf 85' lang='grc'><strong>133.</strong></span> 
     </span>
     <span class='ocr_line' id='line_1_19' title="bbox 145 1853 2461 1932; baseline 0.002 -23"><span class='ocrx_word' id='word_1_151' title='bbox 145 1872 384 1924; x_wconf 74' lang='lat' dir='ltr'><strong>campus</strong></span> <span class='ocrx_word' id='word_1_152' title='bbox 415 1853 725 1921; x_wconf 74' lang='lat' dir='ltr'><strong>sollemnis,</strong></span> <span class='ocrx_word' id='word_1_153' title='bbox 769 1853 1059 1906; x_wconf 89' lang='lat' dir='ltr'><strong>Claudian.</strong></span> <span class='ocrx_word' id='word_1_154' title='bbox 1110 1857 1182 1907; x_wconf 89' lang='lat' dir='ltr'><strong>de</strong></span> <span class='ocrx_word' id='word_1_155' title='bbox 1223 1857 1311 1908; x_wconf 87' lang='lat' dir='ltr'><strong>VI.</strong></span> <span class='ocrx_word' id='word_1_156' title='bbox 1352 1857 1519 1910; x_wconf 87' lang='lat' dir='ltr'><strong>Cons.</strong></span> <span class='ocrx_word' id='word_1_157' title='bbox 1558 1858 1706 1908; x_wconf 87' lang='lat' dir='ltr'><strong>Hon.</strong></span> <span class='ocrx_word' id='word_1_158' title='bbox 1732 1860 1782 1909; x_wconf 84' lang='lat'><strong>5.</strong></span> <span class='ocrx_word' id='word_1_159' title='bbox 1823 1885 1892 1896; x_wconf 91' lang='lat'>—</span> <span class='ocrx_word' id='word_1_160' title='bbox 1962 1855 2255 1924; x_wconf 73' lang='lat' dir='ltr'><strong>Ceterum,</strong></span> <span class='ocrx_word' id='word_1_161' title='bbox 2305 1861 2461 1932; x_wconf 87' lang='lat' dir='ltr'><strong>quod</strong></span> 
     </span>
     <span class='ocr_line' id='line_1_20' title="bbox 146 1921 2468 2007; baseline 0.002 -31"><span class='ocrx_word' id='word_1_162' title='bbox 146 1923 200 1976; x_wconf 86' lang='lat' dir='ltr'><strong>in</strong></span> <span class='ocrx_word' id='word_1_163' title='bbox 226 1925 412 1992; x_wconf 86' lang='lat' dir='ltr'><strong>prima</strong></span> <span class='ocrx_word' id='word_1_164' title='bbox 451 1923 632 1976; x_wconf 85' lang='lat' dir='ltr'><strong>statim</strong></span> <span class='ocrx_word' id='word_1_165' title='bbox 669 1921 895 1974; x_wconf 86' lang='lat' dir='ltr'><strong>Troiani</strong></span> <span class='ocrx_word' id='word_1_166' title='bbox 934 1923 1306 1976; x_wconf 72' lang='lat' dir='ltr'><strong>exsultatione</strong></span> <span class='ocrx_word' id='word_1_167' title='bbox 1344 1927 1415 1977; x_wconf 90' lang='lat' dir='ltr'><strong>de</strong></span> <span class='ocrx_word' id='word_1_168' title='bbox 1453 1940 1641 1988; x_wconf 83' lang='lat' dir='ltr'><strong>sacro,</strong></span> <span class='ocrx_word' id='word_1_169' title='bbox 1681 1926 1938 1992; x_wconf 86' lang='lat' dir='ltr'><strong>Neptuno</strong></span> <span class='ocrx_word' id='word_1_170' title='bbox 1976 1925 2265 1992; x_wconf 78' lang='lat' dir='ltr'><strong>faciendo,</strong></span> <span class='ocrx_word' id='word_1_171' title='bbox 2305 1929 2468 2007; x_wconf 78' lang='lat' dir='ltr'><strong>cogi-</strong></span> 
     </span>
     <span class='ocr_line' id='line_1_21' title="bbox 146 1989 2467 2061; baseline 0.003 -18"><span class='ocrx_word' id='word_1_172' title='bbox 146 2000 278 2045; x_wconf 78' lang='lat' dir='ltr'><strong>tasse</strong></span> <span class='ocrx_word' id='word_1_173' title='bbox 322 1991 609 2053; x_wconf 70' lang='lat' dir='ltr'><strong>seruntur,</strong></span> <span class='ocrx_word' id='word_1_174' title='bbox 639 1990 840 2042; x_wconf 87' lang='lat' dir='ltr'><strong>mirum</strong></span> <span class='ocrx_word' id='word_1_175' title='bbox 871 1989 1049 2043; x_wconf 75' lang='lat' dir='ltr'><strong>videri</strong></span> <span class='ocrx_word' id='word_1_176' title='bbox 1079 2000 1278 2060; x_wconf 88' lang='lat' dir='ltr'><strong>potest.</strong></span> <span class='ocrx_word' id='word_1_177' title='bbox 1352 1994 1460 2045; x_wconf 90' lang='lat' dir='ltr'><strong>Sed</strong></span> <span class='ocrx_word' id='word_1_178' title='bbox 1494 1995 1782 2057; x_wconf 81' lang='lat' dir='ltr'>Neptunus</span> <span class='ocrx_word' id='word_1_179' title='bbox 1807 2008 1933 2045; x_wconf 88' lang='lat' dir='ltr'><strong>cum</strong></span> <span class='ocrx_word' id='word_1_180' title='bbox 1962 1992 2228 2061; x_wconf 82' lang='lat' dir='ltr'><strong>Apolline</strong></span> <span class='ocrx_word' id='word_1_181' title='bbox 2261 1998 2467 2050; x_wconf 73' lang='lat' dir='ltr'><strong>Troiae</strong></span> 
     </span>
     <span class='ocr_line' id='line_1_22' title="bbox 146 2056 2460 2134; baseline 0.002 -23"><span class='ocrx_word' id='word_1_182' title='bbox 146 2061 305 2111; x_wconf 86' lang='lat' dir='ltr'><strong>tutela</strong></span> <span class='ocrx_word' id='word_1_183' title='bbox 348 2069 436 2111; x_wconf 88' lang='lat' dir='ltr'><strong>est</strong></span> <span class='ocrx_word' id='word_1_184' title='bbox 468 2056 721 2129; x_wconf 68' lang='lat' dir='ltr'><strong>habitus3</strong></span> <span class='ocrx_word' id='word_1_185' title='bbox 765 2056 864 2110; x_wconf 90' lang='lat' dir='ltr'><strong>etsi</strong></span> <span class='ocrx_word' id='word_1_186' title='bbox 894 2060 1173 2112; x_wconf 84' lang='lat' dir='ltr'><strong>Homerus</strong></span> <span class='ocrx_word' id='word_1_187' title='bbox 1203 2062 1386 2113; x_wconf 84' lang='lat' dir='ltr'><strong>solum</strong></span> <span class='ocrx_word' id='word_1_188' title='bbox 1417 2058 1741 2128; x_wconf 83' lang='lat' dir='ltr'><strong>Apollinem</strong></span> <span class='ocrx_word' id='word_1_189' title='bbox 1778 2071 2066 2112; x_wconf 85' lang='lat' dir='ltr'><strong>memorat.</strong></span> <span class='ocrx_word' id='word_1_190' title='bbox 2137 2062 2222 2112; x_wconf 88' lang='lat' dir='ltr'><strong>Illi</strong></span> <span class='ocrx_word' id='word_1_191' title='bbox 2254 2061 2460 2134; x_wconf 85' lang='lat' dir='ltr'><strong>itaque,</strong></span> 
     </span>
     <span class='ocr_line' id='line_1_23' title="bbox 147 2124 2461 2199; baseline 0.001 -18"><span class='ocrx_word' id='word_1_192' title='bbox 147 2129 317 2181; x_wconf 83' lang='lat' dir='ltr'><strong>soluta</strong></span> <span class='ocrx_word' id='word_1_193' title='bbox 358 2124 685 2191; x_wconf 83' lang='lat' dir='ltr'><strong>obsidione,</strong></span> <span class='ocrx_word' id='word_1_194' title='bbox 735 2141 888 2178; x_wconf 87' lang='lat' dir='ltr'><strong>sacra</strong></span> <span class='ocrx_word' id='word_1_195' title='bbox 939 2136 1205 2194; x_wconf 87' lang='lat' dir='ltr'><strong>parantur</strong></span> <span class='ocrx_word' id='word_1_196' title='bbox 1238 2127 1570 2199; x_wconf 67' lang='grc' dir='ltr'><strong>χαριστήρια,</strong></span> <span class='ocrx_word' id='word_1_197' title='bbox 1626 2135 1680 2178; x_wconf 92' lang='lat' dir='ltr'><strong>et</strong></span> <span class='ocrx_word' id='word_1_198' title='bbox 1717 2127 1947 2199; x_wconf 88' lang='lat' dir='ltr'><strong>quidem</strong></span> <span class='ocrx_word' id='word_1_199' title='bbox 1978 2127 2057 2178; x_wconf 40' lang='lat' dir='ltr'><strong>*in</strong></span> <span class='ocrx_word' id='word_1_200' title='bbox 2110 2127 2233 2194; x_wconf 83' lang='lat' dir='ltr'><strong>ipso</strong></span> <span class='ocrx_word' id='word_1_201' title='bbox 2267 2130 2461 2199; x_wconf 89' lang='lat' dir='ltr'><strong>litore,</strong></span> 
     </span>
     <span class='ocr_line' id='line_1_24' title="bbox 149 2193 2460 2265; baseline 0.001 -17"><span class='ocrx_word' id='word_1_202' title='bbox 149 2204 202 2248; x_wconf 90' lang='lat' dir='ltr'><strong>ut</strong></span> <span class='ocrx_word' id='word_1_203' title='bbox 234 2203 287 2247; x_wconf 87' lang='lat' dir='ltr'><strong>et</strong></span> <span class='ocrx_word' id='word_1_204' title='bbox 324 2212 419 2264; x_wconf 87' lang='lat' dir='ltr'><strong>ap.</strong></span> <span class='ocrx_word' id='word_1_205' title='bbox 457 2194 672 2264; x_wconf 63' lang='lat' dir='ltr'><strong>Hygin„</strong></span> <span class='ocrx_word' id='word_1_206' title='bbox 702 2195 811 2245; x_wconf 81' lang='grc'><strong>135.</strong></span> <span class='ocrx_word' id='word_1_207' title='bbox 852 2203 917 2246; x_wconf 81' lang='lat' dir='ltr'><strong>ut</strong></span> <span class='ocrx_word' id='word_1_208' title='bbox 950 2210 1184 2248; x_wconf 75' lang='lat' dir='ltr'><strong>sacrum</strong></span> <span class='ocrx_word' id='word_1_209' title='bbox 1206 2198 1444 2265; x_wconf 74' lang='lat' dir='ltr'><strong>faceret</strong></span> <span class='ocrx_word' id='word_1_210' title='bbox 1471 2193 1745 2263; x_wconf 80' lang='lat' dir='ltr'><strong>Neptuno</strong></span> <span class='ocrx_word' id='word_1_211' title='bbox 1780 2196 1862 2246; x_wconf 84' lang='lat' dir='ltr'><strong>ad</strong></span> <span class='ocrx_word' id='word_1_212' title='bbox 1896 2193 2070 2261; x_wconf 75' lang='lat' dir='ltr'><strong>litus5</strong></span> <span class='ocrx_word' id='word_1_213' title='bbox 2103 2204 2155 2246; x_wconf 91' lang='lat' dir='ltr'><strong>et</strong></span> <span class='ocrx_word' id='word_1_214' title='bbox 2193 2195 2272 2248; x_wconf 87' lang='lat' dir='ltr'><strong>sic</strong></span> <span class='ocrx_word' id='word_1_215' title='bbox 2309 2200 2460 2264; x_wconf 88' lang='lat' dir='ltr'><strong>apud</strong></span> 
     </span>
     <span class='ocr_line' id='line_1_25' title="bbox 145 2259 2497 2334; baseline 0.001 -18"><span class='ocrx_word' id='word_1_216' title='bbox 145 2264 451 2316; x_wconf 82' lang='lat' dir='ltr'><strong>Homerum</strong></span> <span class='ocrx_word' id='word_1_217' title='bbox 483 2265 741 2330; x_wconf 80' lang='lat' dir='ltr'><strong>Neptuno</strong></span> <span class='ocrx_word' id='word_1_218' title='bbox 780 2277 933 2314; x_wconf 85' lang='lat' dir='ltr'><strong>sacra</strong></span> <span class='ocrx_word' id='word_1_219' title='bbox 968 2259 1182 2313; x_wconf 70' lang='lat' dir='ltr'><strong>fiunt.“</strong></span> <span class='ocrx_word' id='word_1_220' title='bbox 1219 2265 1306 2317; x_wconf 88' lang='lat' dir='ltr'><strong>H.</strong></span> <span class='ocrx_word' id='word_1_221' title='bbox 1339 2293 1406 2304; x_wconf 90' lang='lat'>-</span> <span class='ocrx_word' id='word_1_222' title='bbox 1477 2267 1593 2314; x_wconf 88' lang='grc'><strong>203.</strong></span> <span class='ocrx_word' id='word_1_223' title='bbox 1624 2260 1947 2330; x_wconf 73' lang='lat' dir='ltr'><strong>gemini,</strong></span> <span class='ocrx_word' id='word_1_224' title='bbox 2005 2262 2150 2326; x_wconf 87' lang='lat' dir='ltr'><strong>duo,</strong></span> <span class='ocrx_word' id='word_1_225' title='bbox 2193 2273 2259 2322; x_wconf 71' lang='lat' dir='ltr'><strong>⁸ut</strong></span> <span class='ocrx_word' id='word_1_226' title='bbox 2295 2262 2497 2334; x_wconf 46' lang='lat' dir='ltr'><strong>saepex</strong></span> 
     </span>
     <span class='ocr_line' id='line_1_26' title="bbox 148 2328 2467 2398; baseline 0.001 -16"><span class='ocrx_word' id='word_1_227' title='bbox 148 2331 286 2398; x_wconf 89' lang='lat' dir='ltr'><strong>apud</strong></span> <span class='ocrx_word' id='word_1_228' title='bbox 330 2329 545 2398; x_wconf 70' lang='lat' dir='ltr'><strong>poetas.</strong></span> <span class='ocrx_word' id='word_1_229' title='bbox 618 2328 753 2381; x_wconf 72' lang='lat' dir='ltr'><strong>Vid.</strong></span> <span class='ocrx_word' id='word_1_230' title='bbox 793 2329 1112 2382; x_wconf 58' lang='lat' dir='ltr'><strong>adnott.1ad</strong></span> <span class='ocrx_word' id='word_1_231' title='bbox 1151 2330 1295 2384; x_wconf 88' lang='lat' dir='ltr'><strong>Aen.</strong></span> <span class='ocrx_word' id='word_1_232' title='bbox 1326 2334 1367 2396; x_wconf 86' lang='lat'><strong>1,</strong></span> <span class='ocrx_word' id='word_1_233' title='bbox 1401 2333 1517 2382; x_wconf 89' lang='grc'><strong>162.</strong></span> <span class='ocrx_word' id='word_1_234' title='bbox 1587 2330 1765 2381; x_wconf 81' lang='lat' dir='ltr'><strong>Possit</strong></span> <span class='ocrx_word' id='word_1_235' title='bbox 1798 2346 1933 2380; x_wconf 83' lang='lat' dir='ltr'><strong>vero</strong></span> <span class='ocrx_word' id='word_1_236' title='bbox 1973 2329 2172 2395; x_wconf 84' lang='lat' dir='ltr'><strong>etiam,</strong></span> <span class='ocrx_word' id='word_1_237' title='bbox 2209 2329 2314 2383; x_wconf 88' lang='lat' dir='ltr'><strong>nisi</strong></span> <span class='ocrx_word' id='word_1_238' title='bbox 2359 2331 2467 2387; x_wconf 76' lang='lat' dir='ltr'><strong>hoe</strong></span> 
     </span>
     <span class='ocr_line' id='line_1_27' title="bbox 147 2395 2467 2470; baseline -0.001 -18"><span class='ocrx_word' id='word_1_239' title='bbox 147 2395 404 2452; x_wconf 82' lang='lat' dir='ltr'><strong>subtilius</strong></span> <span class='ocrx_word' id='word_1_240' title='bbox 440 2396 726 2459; x_wconf 88' lang='lat' dir='ltr'><strong>videatur,</strong></span> <span class='ocrx_word' id='word_1_241' title='bbox 764 2415 979 2449; x_wconf 88' lang='lat' dir='ltr'><strong>summa</strong></span> <span class='ocrx_word' id='word_1_242' title='bbox 1017 2397 1307 2470; x_wconf 81' lang='lat' dir='ltr'><strong>utriusque</strong></span> <span class='ocrx_word' id='word_1_243' title='bbox 1347 2398 1655 2452; x_wconf 84' lang='lat' dir='ltr'><strong>similitudo</strong></span> <span class='ocrx_word' id='word_1_244' title='bbox 1692 2396 2148 2467; x_wconf 81' lang='lat' dir='ltr'><strong>(magnitudine,</strong></span> <span class='ocrx_word' id='word_1_245' title='bbox 2198 2399 2467 2466; x_wconf 78' lang='lat' dir='ltr'><strong>crassitu-</strong></span> 
     </span>
     <span class='ocr_line' id='line_1_28' title="bbox 147 2463 2463 2540; baseline 0.001 -21"><span class='ocrx_word' id='word_1_246' title='bbox 147 2463 303 2533; x_wconf 86' lang='lat' dir='ltr'><strong>dine,</strong></span> <span class='ocrx_word' id='word_1_247' title='bbox 356 2465 582 2527; x_wconf 89' lang='lat' dir='ltr'><strong>colore)</strong></span> <span class='ocrx_word' id='word_1_248' title='bbox 635 2464 870 2534; x_wconf 85' lang='lat' dir='ltr'><strong>respici,</strong></span> <span class='ocrx_word' id='word_1_249' title='bbox 926 2474 986 2519; x_wconf 91' lang='lat' dir='ltr'><strong>ut</strong></span> <span class='ocrx_word' id='word_1_250' title='bbox 1037 2476 1329 2536; x_wconf 84' lang='lat' dir='ltr'><strong>propterea</strong></span> <span class='ocrx_word' id='word_1_251' title='bbox 1379 2466 1541 2540; x_wconf 88' lang='lat' dir='ltr'><strong>quasi</strong></span> <span class='ocrx_word' id='word_1_252' title='bbox 1594 2463 1805 2537; x_wconf 84' lang='lat' dir='ltr'><strong>gemini</strong></span> <span class='ocrx_word' id='word_1_253' title='bbox 1857 2463 2129 2520; x_wconf 79' lang='lat' dir='ltr'><strong>dicantur.</strong></span> <span class='ocrx_word' id='word_1_254' title='bbox 2202 2464 2463 2521; x_wconf 86' lang='lat' dir='ltr'><strong>Ceterum</strong></span> 
     </span>
     <span class='ocr_line' id='line_1_29' title="bbox 148 2531 2513 2608; baseline 0.002 -22"><span class='ocrx_word' id='word_1_255' title='bbox 148 2534 340 2588; x_wconf 79' lang='lat' dir='ltr'><strong>Mox-et.</strong></span> <span class='ocrx_word' id='word_1_256' title='bbox 384 2536 425 2585; x_wconf 92' lang='lat'><strong>1.</strong></span> <span class='ocrx_word' id='word_1_257' title='bbox 457 2531 754 2602; x_wconf 70' lang='lat' dir='ltr'><strong>geminae,</strong></span> <span class='ocrx_word' id='word_1_258' title='bbox 812 2534 999 2606; x_wconf 88' lang='lat' dir='ltr'><strong>quod,</strong></span> <span class='ocrx_word' id='word_1_259' title='bbox 1053 2551 1395 2608; x_wconf 84' lang='lat' dir='ltr'><strong>quamquam</strong></span> <span class='ocrx_word' id='word_1_260' title='bbox 1449 2550 1549 2603; x_wconf 90' lang='lat' dir='ltr'><strong>per</strong></span> <span class='ocrx_word' id='word_1_261' title='bbox 1597 2549 1657 2587; x_wconf 89' lang='lat' dir='ltr'><strong>se</strong></span> <span class='ocrx_word' id='word_1_262' title='bbox 1715 2531 1843 2585; x_wconf 81' lang='lat' dir='ltr'><strong>ferri</strong></span> <span class='ocrx_word' id='word_1_263' title='bbox 1880 2533 2087 2602; x_wconf 86' lang='lat' dir='ltr'><strong>possit,</strong></span> <span class='ocrx_word' id='word_1_264' title='bbox 2140 2533 2233 2585; x_wconf 88' lang='lat' dir='ltr'><strong>hic</strong></span> <span class='ocrx_word' id='word_1_265' title='bbox 2275 2544 2465 2591; x_wconf 85' lang='lat' dir='ltr'><strong>tamen</strong></span> <span class='ocrx_word' id='word_1_266' title='bbox 2507 2567 2513 2570; x_wconf 27' lang='grc' dir='ltr'><strong><em>Δ</em></strong></span> 
     </span>
     <span class='ocr_line' id='line_1_30' title="bbox 148 2598 2463 2675; baseline 0 -20"><span class='ocrx_word' id='word_1_267' title='bbox 148 2616 199 2655; x_wconf 81' lang='lat' dir='ltr'><strong>v.</strong></span> <span class='ocrx_word' id='word_1_268' title='bbox 224 2603 344 2655; x_wconf 85' lang='lat'><strong>206.</strong></span> <span class='ocrx_word' id='word_1_269' title='bbox 374 2600 691 2669; x_wconf 83' lang='lat' dir='ltr'><strong>respuitur,</strong></span> <span class='ocrx_word' id='word_1_270' title='bbox 721 2598 819 2652; x_wconf 87' lang='lat' dir='ltr'><strong>ubi</strong></span> <span class='ocrx_word' id='word_1_271' title='bbox 850 2619 1047 2656; x_wconf 86' lang='lat' dir='ltr'><strong>omnes</strong></span> <span class='ocrx_word' id='word_1_272' title='bbox 1077 2601 1256 2654; x_wconf 90' lang='lat' dir='ltr'><strong>Codd.</strong></span> <span class='ocrx_word' id='word_1_273' title='bbox 1285 2618 1531 2675; x_wconf 73' lang='lat' dir='ltr'><strong>quorum</strong></span> <span class='ocrx_word' id='word_1_274' title='bbox 1556 2598 1843 2653; x_wconf 81' lang='lat' dir='ltr'><strong>exhibent.</strong></span> <span class='ocrx_word' id='word_1_275' title='bbox 1913 2602 2198 2653; x_wconf 83' lang='lat' dir='ltr'><strong>Praeterea</strong></span> <span class='ocrx_word' id='word_1_276' title='bbox 2229 2605 2463 2655; x_wconf 87' lang='lat' dir='ltr'><strong>mascul.</strong></span> 
     </span>
     <span class='ocr_line' id='line_1_31' title="bbox 182 2668 2458 2738; baseline 0 -16"><span class='ocrx_word' id='word_1_277' title='bbox 182 2688 321 2725; x_wconf 84' lang='lat' dir='ltr'><strong>enus</strong></span> <span class='ocrx_word' id='word_1_278' title='bbox 353 2669 450 2723; x_wconf 89' lang='lat' dir='ltr'><strong>hic</strong></span> <span class='ocrx_word' id='word_1_279' title='bbox 483 2678 712 2726; x_wconf 77' lang='lat' dir='ltr'><strong>tuentur</strong></span> <span class='ocrx_word' id='word_1_280' title='bbox 750 2672 948 2721; x_wconf 86' lang='lat' dir='ltr'><strong>Donat.</strong></span> <span class='ocrx_word' id='word_1_281' title='bbox 977 2670 1046 2721; x_wconf 89' lang='lat' dir='ltr'><strong>ad</strong></span> <span class='ocrx_word' id='word_1_282' title='bbox 1070 2673 1201 2722; x_wconf 83' lang='lat' dir='ltr'><strong>Ter.</strong></span> <span class='ocrx_word' id='word_1_283' title='bbox 1234 2675 1458 2723; x_wconf 82' lang='lat' dir='ltr'><strong>Phorm.</strong></span> <span class='ocrx_word' id='word_1_284' title='bbox 1489 2671 1563 2735; x_wconf 88' lang='lat' dir='ltr'><strong>Il,</strong></span> <span class='ocrx_word' id='word_1_285' title='bbox 1599 2674 1653 2733; x_wconf 87' lang='lat'><strong>1,</strong></span> <span class='ocrx_word' id='word_1_286' title='bbox 1685 2670 1770 2721; x_wconf 75' lang='lat'><strong>34.</strong></span> <span class='ocrx_word' id='word_1_287' title='bbox 1805 2668 2070 2738; x_wconf 72' lang='lat' dir='ltr'><strong>idemque</strong></span> <span class='ocrx_word' id='word_1_288' title='bbox 2102 2669 2171 2721; x_wconf 90' lang='lat' dir='ltr'><strong>ad</strong></span> <span class='ocrx_word' id='word_1_289' title='bbox 2210 2669 2458 2733; x_wconf 79' lang='lat' dir='ltr'><strong>Adelph.</strong></span> 
     </span>
     <span class='ocr_line' id='line_1_32' title="bbox 175 2736 2460 2808; baseline 0.001 -21"><span class='ocrx_word' id='word_1_290' title='bbox 175 2740 236 2803; x_wconf 89' lang='lat' dir='ltr'><strong>V,</strong></span> <span class='ocrx_word' id='word_1_291' title='bbox 273 2745 339 2805; x_wconf 91' lang='lat'><strong>7,</strong></span> <span class='ocrx_word' id='word_1_292' title='bbox 381 2736 453 2801; x_wconf 85' lang='grc'><strong>4.,</strong></span> <span class='ocrx_word' id='word_1_293' title='bbox 491 2753 660 2808; x_wconf 81' lang='lat' dir='ltr'><strong>quem</strong></span> <span class='ocrx_word' id='word_1_294' title='bbox 699 2754 825 2789; x_wconf 91' lang='lat' dir='ltr'><strong>cum</strong></span> <span class='ocrx_word' id='word_1_295' title='bbox 865 2737 1099 2790; x_wconf 86' lang='lat' dir='ltr'><strong>Miscell.</strong></span> <span class='ocrx_word' id='word_1_296' title='bbox 1138 2736 1301 2793; x_wconf 85' lang='lat' dir='ltr'><strong>Obss.</strong></span> <span class='ocrx_word' id='word_1_297' title='bbox 1345 2740 1410 2789; x_wconf 90' lang='lat' dir='ltr'><strong>V.</strong></span> <span class='ocrx_word' id='word_1_298' title='bbox 1450 2754 1507 2806; x_wconf 88' lang='lat' dir='ltr'><strong>p.</strong></span> <span class='ocrx_word' id='word_1_299' title='bbox 1538 2739 1659 2789; x_wconf 85' lang='lat'><strong>200.</strong></span> <span class='ocrx_word' id='word_1_300' title='bbox 1694 2736 1883 2788; x_wconf 87' lang='lat' dir='ltr'><strong>laudat</strong></span> <span class='ocrx_word' id='word_1_301' title='bbox 1918 2737 2108 2787; x_wconf 89' lang='lat' dir='ltr'><strong>Burm.</strong></span> <span class='ocrx_word' id='word_1_302' title='bbox 2144 2767 2214 2777; x_wconf 88' lang='lat'><strong>—-</strong></span> <span class='ocrx_word' id='word_1_303' title='bbox 2248 2755 2286 2790; x_wconf 81' lang='lat' dir='ltr'><strong>a</strong></span> <span class='ocrx_word' id='word_1_304' title='bbox 2331 2736 2460 2792; x_wconf 84' lang='lat' dir='ltr'><strong>Te-</strong></span> 
     </span>
     <span class='ocr_line' id='line_1_33' title="bbox 66 2802 2461 2877; baseline 0 -18"><span class='ocrx_word' id='word_1_305' title='bbox 66 2803 67 2809; x_wconf 65' lang='lat'><em>&#39;</em></span> <span class='ocrx_word' id='word_1_306' title='bbox 147 2808 284 2859; x_wconf 80' lang='lat' dir='ltr'><strong>ned</strong></span> <span class='ocrx_word' id='word_1_307' title='bbox 298 2823 333 2861; x_wconf 90' lang='grc' dir='ltr'><strong><em>ο</em></strong></span> <span class='ocrx_word' id='word_1_308' title='bbox 348 2845 372 2875; x_wconf 85' lang='grc'><strong>,</strong></span> <span class='ocrx_word' id='word_1_309' title='bbox 425 2803 488 2858; x_wconf 80' lang='lat' dir='ltr'><strong>in</strong></span> <span class='ocrx_word' id='word_1_310' title='bbox 522 2806 631 2857; x_wconf 82' lang='lat' dir='ltr'><strong>der</strong></span> <span class='ocrx_word' id='word_1_311' title='bbox 664 2803 921 2859; x_wconf 69' lang='lat' dir='ltr'><strong>Richmn</strong></span> <span class='ocrx_word' id='word_1_312' title='bbox 1013 2822 1122 2859; x_wconf 80' lang='lat' dir='ltr'><strong>von</strong></span> <span class='ocrx_word' id='word_1_313' title='bbox 1166 2804 1237 2860; x_wconf 89' lang='grc' dir='ltr'><strong>Τ.</strong></span> <span class='ocrx_word' id='word_1_314' title='bbox 1279 2805 1417 2873; x_wconf 76' lang='lat' dir='ltr'><strong>her,</strong></span> <span class='ocrx_word' id='word_1_315' title='bbox 1472 2804 1510 2857; x_wconf 91' lang='lat' dir='ltr'><strong>i.</strong></span> <span class='ocrx_word' id='word_1_316' title='bbox 1549 2822 1599 2858; x_wconf 91' lang='lat' dir='ltr'><strong>e.</strong></span> <span class='ocrx_word' id='word_1_317' title='bbox 1652 2802 1720 2856; x_wconf 92' lang='lat' dir='ltr'><strong>ab</strong></span> <span class='ocrx_word' id='word_1_318' title='bbox 1759 2820 1822 2856; x_wconf 83' lang='lat' dir='ltr'><strong>ea</strong></span> <span class='ocrx_word' id='word_1_319' title='bbox 1863 2803 2125 2872; x_wconf 77' lang='lat' dir='ltr'><strong>regione,</strong></span> <span class='ocrx_word' id='word_1_320' title='bbox 2177 2804 2238 2857; x_wconf 87' lang='lat' dir='ltr'><strong>in</strong></span> <span class='ocrx_word' id='word_1_321' title='bbox 2290 2822 2461 2877; x_wconf 84' lang='lat' dir='ltr'><strong>quam</strong></span> 
     </span>
     <span class='ocr_line' id='line_1_34' title="bbox 147 2870 2467 2943; baseline 0 -18"><span class='ocrx_word' id='word_1_322' title='bbox 147 2875 336 2928; x_wconf 84' lang='lat' dir='ltr'><strong>Graeci</strong></span> <span class='ocrx_word' id='word_1_323' title='bbox 377 2891 437 2928; x_wconf 78' lang='lat' dir='ltr'><strong>se</strong></span> <span class='ocrx_word' id='word_1_324' title='bbox 471 2872 679 2941; x_wconf 79' lang='lat' dir='ltr'><strong>fugisse</strong></span> <span class='ocrx_word' id='word_1_325' title='bbox 711 2873 909 2925; x_wconf 87' lang='lat' dir='ltr'><strong>simula</strong></span> <span class='ocrx_word' id='word_1_326' title='bbox 957 2882 1048 2925; x_wconf 84' lang='lat' dir='ltr'><strong>ant</strong></span> <span class='ocrx_word' id='word_1_327' title='bbox 1077 2874 1173 2936; x_wconf 85' lang='lat' dir='ltr'><strong>(cf.</strong></span> <span class='ocrx_word' id='word_1_328' title='bbox 1206 2891 1370 2942; x_wconf 87' lang='lat' dir='ltr'><strong>supra</strong></span> <span class='ocrx_word' id='word_1_329' title='bbox 1397 2890 1455 2926; x_wconf 77' lang='lat' dir='ltr'><strong>v.</strong></span> <span class='ocrx_word' id='word_1_330' title='bbox 1484 2874 1773 2943; x_wconf 78' lang='lat' dir='ltr'><strong>2¹·sqq·)3</strong></span> <span class='ocrx_word' id='word_1_331' title='bbox 1814 2888 1940 2923; x_wconf 90' lang='lat' dir='ltr'><strong>nam</strong></span> <span class='ocrx_word' id='word_1_332' title='bbox 1983 2870 2072 2922; x_wconf 85' lang='lat' dir='ltr'><strong>hic</strong></span> <span class='ocrx_word' id='word_1_333' title='bbox 2099 2888 2311 2941; x_wconf 82' lang='lat' dir='ltr'><strong>angues</strong></span> <span class='ocrx_word' id='word_1_334' title='bbox 2335 2882 2467 2926; x_wconf 83' lang='lat' dir='ltr'><strong>sunt</strong></span> 
     </span>
     <span class='ocr_line' id='line_1_35' title="bbox 147 2937 2463 3021; baseline -0.002 -24"><span class='ocrx_word' id='word_1_335' title='bbox 147 2941 189 2997; x_wconf 76' lang='lat' dir='ltr'><strong>si</strong></span> <span class='ocrx_word' id='word_1_336' title='bbox 231 2960 368 2995; x_wconf 84' lang='lat' dir='ltr'><strong>num</strong></span> <span class='ocrx_word' id='word_1_337' title='bbox 410 2940 642 3011; x_wconf 88' lang='lat' dir='ltr'><strong>periculi</strong></span> <span class='ocrx_word' id='word_1_338' title='bbox 677 2958 706 2991; x_wconf 92' lang='lat' dir='ltr'><strong>a</strong></span> <span class='ocrx_word' id='word_1_339' title='bbox 746 2939 968 2995; x_wconf 89' lang='lat' dir='ltr'><strong>Graecis</strong></span> <span class='ocrx_word' id='word_1_340' title='bbox 1004 2940 1367 2994; x_wconf 87' lang='lat' dir='ltr'><strong>imminentis.</strong></span> <span class='ocrx_word' id='word_1_341' title='bbox 1403 2957 1634 3021; x_wconf 77' lang='lat' dir='ltr'><strong>—per</strong></span> <span class='ocrx_word' id='word_1_342' title='bbox 1667 2937 1868 3006; x_wconf 74' lang='lat' dir='ltr'><strong>alta,</strong></span> <span class='ocrx_word' id='word_1_343' title='bbox 1911 2938 2032 2991; x_wconf 89' lang='lat' dir='ltr'><strong>scil.</strong></span> <span class='ocrx_word' id='word_1_344' title='bbox 2066 2942 2267 3003; x_wconf 85' lang='lat' dir='ltr'><strong>maria,</strong></span> <span class='ocrx_word' id='word_1_345' title='bbox 2307 2940 2463 3018; x_wconf 79' lang='lat' dir='ltr'><strong>quod</strong></span> 
     </span>
     <span class='ocr_line' id='line_1_36' title="bbox 147 2958 2465 3077; baseline -0.001 -14"><span class='ocrx_word' id='word_1_346' title='bbox 147 2958 419 3064; x_wconf 43' lang='lat' dir='ltr'><strong>suzstant.</strong></span> <span class='ocrx_word' id='word_1_347' title='bbox 473 3026 590 3061; x_wconf 89' lang='lat' dir='ltr'><strong>non</strong></span> <span class='ocrx_word' id='word_1_348' title='bbox 635 3009 817 3061; x_wconf 88' lang='lat' dir='ltr'><strong>solum</strong></span> <span class='ocrx_word' id='word_1_349' title='bbox 869 3024 900 3059; x_wconf 92' lang='lat' dir='ltr'><strong>a</strong></span> <span class='ocrx_word' id='word_1_350' title='bbox 935 3008 1145 3077; x_wconf 72' lang='lat' dir='ltr'><strong>poetis,</strong></span> <span class='ocrx_word' id='word_1_351' title='bbox 1193 3026 1389 3061; x_wconf 81' lang='lat' dir='ltr'><strong>verum</strong></span> <span class='ocrx_word' id='word_1_352' title='bbox 1440 3019 1606 3060; x_wconf 72' lang='lat' dir='ltr'><strong>etiam</strong></span> <span class='ocrx_word' id='word_1_353' title='bbox 1641 3024 1671 3059; x_wconf 92' lang='lat' dir='ltr'><strong>a</strong></span> <span class='ocrx_word' id='word_1_354' title='bbox 1709 3002 2072 3073; x_wconf 89' lang='lat' dir='ltr'><strong>pedestribus·</strong></span> <span class='ocrx_word' id='word_1_355' title='bbox 2099 3004 2465 3076; x_wconf 74' lang='lat' dir='ltr'><strong>scriptoribus</strong></span> 
     </span>
     <span class='ocr_line' id='line_1_37' title="bbox 149 3074 2462 3142; baseline -0.001 -14"><span class='ocrx_word' id='word_1_356' title='bbox 149 3077 339 3139; x_wconf 82' lang='lat' dir='ltr'><strong>(velut</strong></span> <span class='ocrx_word' id='word_1_357' title='bbox 377 3076 493 3129; x_wconf 90' lang='lat' dir='ltr'><strong>Cic.</strong></span> <span class='ocrx_word' id='word_1_358' title='bbox 535 3074 696 3127; x_wconf 89' lang='lat' dir='ltr'><strong>Finn.</strong></span> <span class='ocrx_word' id='word_1_359' title='bbox 726 3076 829 3142; x_wconf 83' lang='lat' dir='ltr'><strong>tv,</strong></span> <span class='ocrx_word' id='word_1_360' title='bbox 870 3080 970 3142; x_wconf 84' lang='grc'><strong>23,</strong></span> <span class='ocrx_word' id='word_1_361' title='bbox 1015 3078 1100 3127; x_wconf 86' lang='grc'><strong>64.</strong></span> <span class='ocrx_word' id='word_1_362' title='bbox 1141 3075 1298 3129; x_wconf 84' lang='lat' dir='ltr'><strong>Caes.</strong></span> <span class='ocrx_word' id='word_1_363' title='bbox 1339 3078 1404 3128; x_wconf 89' lang='grc' dir='ltr'><strong>Β.</strong></span> <span class='ocrx_word' id='word_1_364' title='bbox 1441 3078 1507 3127; x_wconf 93' lang='lat' dir='ltr'><strong>G.</strong></span> <span class='ocrx_word' id='word_1_365' title='bbox 1533 3077 1641 3141; x_wconf 92' lang='lat' dir='ltr'><strong>IV,</strong></span> <span class='ocrx_word' id='word_1_366' title='bbox 1684 3077 1779 3140; x_wconf 86' lang='grc'><strong>24,</strong></span> <span class='ocrx_word' id='word_1_367' title='bbox 1817 3077 1903 3126; x_wconf 82' lang='grc'><strong>28.</strong></span> <span class='ocrx_word' id='word_1_368' title='bbox 1940 3078 2108 3139; x_wconf 70' lang='lat' dir='ltr'><strong>cett.)</strong></span> <span class='ocrx_word' id='word_1_369' title='bbox 2148 3074 2297 3126; x_wconf 87' lang='lat' dir='ltr'><strong>haud</strong></span> <span class='ocrx_word' id='word_1_370' title='bbox 2336 3090 2462 3127; x_wconf 82' lang='lat' dir='ltr'><strong>raro</strong></span> 
     </span>
     <span class='ocr_line' id='line_1_38' title="bbox 149 3139 2465 3213; baseline -0.001 -16"><span class='ocrx_word' id='word_1_371' title='bbox 149 3146 322 3198; x_wconf 86' lang='lat' dir='ltr'><strong>omitti</strong></span> <span class='ocrx_word' id='word_1_372' title='bbox 371 3152 604 3197; x_wconf 86' lang='lat' dir='ltr'><strong>constat.</strong></span> <span class='ocrx_word' id='word_1_373' title='bbox 641 3169 710 3181; x_wconf 92' lang='lat'><strong>—-</strong></span> <span class='ocrx_word' id='word_1_374' title='bbox 770 3139 1638 3213; x_wconf 75' lang='lat' dir='ltr'><strong>„incumbunt&#39;pelago‚</strong></span> <span class='ocrx_word' id='word_1_375' title='bbox 1690 3158 1794 3210; x_wconf 86' lang='lat' dir='ltr'><strong>pro</strong></span> <span class='ocrx_word' id='word_1_376' title='bbox 1844 3139 2132 3206; x_wconf 81' lang='lat' dir='ltr'><strong>innatant,</strong></span> <span class='ocrx_word' id='word_1_377' title='bbox 2183 3142 2281 3196; x_wconf 82' lang='lat' dir='ltr'><strong>sed</strong></span> <span class='ocrx_word' id='word_1_378' title='bbox 2330 3149 2465 3195; x_wconf 82' lang='lat' dir='ltr'><strong>cum</strong></span> 
     </span>
     <span class='ocr_line' id='line_1_39' title="bbox 148 3207 2465 3331; baseline -0.001 -66"><span class='ocrx_word' id='word_1_379' title='bbox 148 3212 554 3331; x_wconf 52' lang='lat' dir='ltr'><strong>sifnificatione</strong></span> <span class='ocrx_word' id='word_1_380' title='bbox 590 3210 993 3330; x_wconf 60' lang='lat' dir='ltr'><strong>mafnitudinis</strong></span> <span class='ocrx_word' id='word_1_381' title='bbox 1034 3212 1112 3277; x_wconf 88' lang='lat' dir='ltr'><strong>[et</strong></span> <span class='ocrx_word' id='word_1_382' title='bbox 1147 3209 1444 3279; x_wconf 77' lang='lat' dir='ltr'><strong>ponderis,</strong></span> <span class='ocrx_word' id='word_1_383' title='bbox 1486 3227 1600 3331; x_wconf 56' lang='lat' dir='ltr'><strong>tino</strong></span> <span class='ocrx_word' id='word_1_384' title='bbox 1626 3226 1781 3261; x_wconf 83' lang='lat' dir='ltr'><strong>mare</strong></span> <span class='ocrx_word' id='word_1_385' title='bbox 1815 3208 1973 3280; x_wconf 83' lang='lat' dir='ltr'><strong>quasi</strong></span> <span class='ocrx_word' id='word_1_386' title='bbox 2013 3218 2291 3276; x_wconf 77' lang='lat' dir='ltr'><strong>premunt.</strong></span> <span class='ocrx_word' id='word_1_387' title='bbox 2328 3207 2465 3262; x_wconf 80' lang='lat' dir='ltr'><strong>Vid.</strong></span> 
     </span>
     <span class='ocr_line' id='line_1_40' title="bbox 147 3276 2463 3345; baseline -0.001 -13"><span class='ocrx_word' id='word_1_388' title='bbox 147 3296 174 3332; x_wconf 86' lang='lat' dir='ltr'><strong>a</strong></span> <span class='ocrx_word' id='word_1_389' title='bbox 219 3291 356 3333; x_wconf 86' lang='lat' dir='ltr'><strong>nott.</strong></span> <span class='ocrx_word' id='word_1_390' title='bbox 396 3280 463 3332; x_wconf 90' lang='lat' dir='ltr'><strong>ad</strong></span> <span class='ocrx_word' id='word_1_391' title='bbox 505 3282 648 3331; x_wconf 86' lang='lat' dir='ltr'><strong>Aen.</strong></span> <span class='ocrx_word' id='word_1_392' title='bbox 717 3320 730 3345; x_wconf 91' lang='lat'><strong>,</strong></span> <span class='ocrx_word' id='word_1_393' title='bbox 765 3280 850 3332; x_wconf 80' lang='lat'><strong>84.</strong></span> <span class='ocrx_word' id='word_1_394' title='bbox 891 3290 945 3332; x_wconf 89' lang='lat' dir='ltr'><strong>et</strong></span> <span class='ocrx_word' id='word_1_395' title='bbox 996 3279 1236 3333; x_wconf 86' lang='lat' dir='ltr'><strong>similem</strong></span> <span class='ocrx_word' id='word_1_396' title='bbox 1280 3279 1470 3332; x_wconf 76' lang='lat' dir='ltr'><strong>Ovidii</strong></span> <span class='ocrx_word' id='word_1_397' title='bbox 1530 3294 1690 3329; x_wconf 90' lang='lat' dir='ltr'><strong>ocum</strong></span> <span class='ocrx_word' id='word_1_398' title='bbox 1728 3278 1995 3340; x_wconf 56' lang='lat' dir='ltr'><strong>Men-IV,</strong></span> <span class='ocrx_word' id='word_1_399' title='bbox 2033 3279 2151 3332; x_wconf 89' lang='grc'><strong>690.</strong></span> <span class='ocrx_word' id='word_1_400' title='bbox 2187 3276 2463 3331; x_wconf 71' lang='lat' dir='ltr'><strong>veniens-</strong></span> 
     </span>
     <span class='ocr_line' id='line_1_41' title="bbox 147 3342 2460 3418; baseline 0 -20"><span class='ocrx_word' id='word_1_401' title='bbox 147 3345 415 3402; x_wconf 75' lang='lat' dir='ltr'><strong>immenso</strong></span> <span class='ocrx_word' id='word_1_402' title='bbox 439 3344 630 3399; x_wconf 76' lang='lat' dir='ltr'><strong>bellua</strong></span> <span class='ocrx_word' id='word_1_403' title='bbox 642 3357 825 3417; x_wconf 79' lang='lat' dir='ltr'><strong>pomo</strong></span> <span class='ocrx_word' id='word_1_404' title='bbox 847 3347 1070 3401; x_wconf 73' lang='lat' dir='ltr'><strong>Eminet</strong></span> <span class='ocrx_word' id='word_1_405' title='bbox 1091 3357 1144 3401; x_wconf 81' lang='lat' dir='ltr'><strong>et</strong></span> <span class='ocrx_word' id='word_1_406' title='bbox 1168 3345 1350 3412; x_wconf 77' lang='lat' dir='ltr'><strong>latum</strong></span> <span class='ocrx_word' id='word_1_407' title='bbox 1372 3345 1480 3401; x_wconf 78' lang='lat' dir='ltr'><strong>sub</strong></span> <span class='ocrx_word' id='word_1_408' title='bbox 1495 3355 1729 3415; x_wconf 79' lang='lat' dir='ltr'><strong>pectore</strong></span> <span class='ocrx_word' id='word_1_409' title='bbox 1739 3342 2001 3413; x_wconf 72' lang='lat' dir='ltr'><strong>possidet</strong></span> <span class='ocrx_word' id='word_1_410' title='bbox 2023 3343 2346 3418; x_wconf 73' lang='lat' dir='ltr'><strong>aeqnov·.]“</strong></span> <span class='ocrx_word' id='word_1_411' title='bbox 2371 3342 2460 3398; x_wconf 82' lang='lat' dir='ltr'><strong>H.</strong></span> 
     </span>
     <span class='ocr_line' id='line_1_42' title="bbox 146 3410 2466 3485; baseline -0.002 -15"><span class='ocrx_word' id='word_1_412' title='bbox 146 3414 603 3485; x_wconf 68' lang='lat' dir='ltr'><strong>-parv&#39;ter,</strong></span> <span class='ocrx_word' id='word_1_413' title='bbox 655 3415 855 3482; x_wconf 84' lang='lat' dir='ltr'><strong>simul,</strong></span> <span class='ocrx_word' id='word_1_414' title='bbox 910 3416 1029 3479; x_wconf 84' lang='lat' dir='ltr'><strong>pari</strong></span> <span class='ocrx_word' id='word_1_415' title='bbox 1078 3426 1314 3479; x_wconf 86' lang='lat' dir='ltr'><strong>conatu,</strong></span> <span class='ocrx_word' id='word_1_416' title='bbox 1365 3411 1735 3478; x_wconf 87' lang='lat' dir='ltr'><strong>coniunctim,</strong></span> <span class='ocrx_word' id='word_1_417' title='bbox 1794 3414 1981 3483; x_wconf 75' lang='lat' dir='ltr'><strong>quod,</strong></span> <span class='ocrx_word' id='word_1_418' title='bbox 2040 3412 2364 3480; x_wconf 77' lang='lat' dir='ltr'><strong>praesertim</strong></span> <span class='ocrx_word' id='word_1_419' title='bbox 2414 3410 2466 3465; x_wconf 76' lang='lat' dir='ltr'><strong>si</strong></span> 
     </span>
     <span class='ocr_line' id='line_1_43' title="bbox 149 3479 2464 3555; baseline -0.001 -21"><span class='ocrx_word' id='word_1_420' title='bbox 149 3491 412 3555; x_wconf 83' lang='lat' dir='ltr'><strong>tra-nqu</strong></span> <span class='ocrx_word' id='word_1_421' title='bbox 436 3482 648 3534; x_wconf 90' lang='lat' dir='ltr'><strong>illum</strong></span> <span class='ocrx_word' id='word_1_422' title='bbox 698 3501 852 3536; x_wconf 84' lang='lat' dir='ltr'><strong>mare</strong></span> <span class='ocrx_word' id='word_1_423' title='bbox 887 3483 1224 3555; x_wconf 69' lang='lat' dir='ltr'><strong>cogitamus.</strong></span> <span class='ocrx_word' id='word_1_424' title='bbox 1276 3484 1561 3536; x_wconf 85' lang='lat' dir='ltr'><strong>horrorem</strong></span> <span class='ocrx_word' id='word_1_425' title='bbox 1616 3479 1693 3533; x_wconf 86' lang='lat' dir='ltr'><strong>rei</strong></span> <span class='ocrx_word' id='word_1_426' title='bbox 1730 3479 1945 3532; x_wconf 62' lang='lat' dir='ltr'><strong>mirum*</strong></span> <span class='ocrx_word' id='word_1_427' title='bbox 1971 3490 2240 3551; x_wconf 85' lang='lat' dir='ltr'><strong>quantum</strong></span> <span class='ocrx_word' id='word_1_428' title='bbox 2279 3486 2464 3549; x_wconf 85' lang='lat' dir='ltr'><strong>auget.</strong></span> 
     </span>
     <span class='ocr_line' id='line_1_44' title="bbox 151 3543 2463 3626; baseline -0.004 -20"><span class='ocrx_word' id='word_1_429' title='bbox 151 3580 214 3592; x_wconf 89' lang='lat'>—</span> <span class='ocrx_word' id='word_1_430' title='bbox 255 3561 587 3621; x_wconf 74' lang='lat' dir='ltr'><strong>pectora</strong></span> <span class='ocrx_word' id='word_1_431' title='bbox 640 3561 985 3619; x_wconf 76' lang='lat' dir='ltr'><strong>arrecta,</strong></span> <span class='ocrx_word' id='word_1_432' title='bbox 1038 3561 1098 3604; x_wconf 90' lang='lat' dir='ltr'><strong>ut</strong></span> <span class='ocrx_word' id='word_1_433' title='bbox 1149 3550 1291 3604; x_wconf 75' lang='lat' dir='ltr'><strong>infra</strong></span> <span class='ocrx_word' id='word_1_434' title='bbox 1341 3553 1451 3616; x_wconf 74' lang='grc' dir='ltr'><strong>Χῖ,</strong></span> <span class='ocrx_word' id='word_1_435' title='bbox 1485 3546 1967 3604; x_wconf 55' lang='lat' dir='ltr'><strong>macer-vicibus</strong></span> <span class='ocrx_word' id='word_1_436' title='bbox 2017 3546 2284 3601; x_wconf 56' lang='lat' dir='ltr'><strong>arrecti&amp;</strong></span> <span class='ocrx_word' id='word_1_437' title='bbox 2377 3543 2463 3626; x_wconf 69' lang='lat' dir='ltr'><strong>Cf.</strong></span> 
     </span>
     <span class='ocr_line' id='line_1_45' title="bbox 149 3614 2465 3687; baseline -0.004 -15"><span class='ocrx_word' id='word_1_438' title='bbox 149 3619 317 3673; x_wconf 86' lang='lat' dir='ltr'><strong>etiam</strong></span> <span class='ocrx_word' id='word_1_439' title='bbox 355 3623 410 3687; x_wconf 90' lang='lat' dir='ltr'><strong>I,</strong></span> <span class='ocrx_word' id='word_1_440' title='bbox 460 3622 574 3671; x_wconf 86' lang='grc'><strong>152.</strong></span> <span class='ocrx_word' id='word_1_441' title='bbox 611 3620 832 3683; x_wconf 75' lang='lat'><strong>11,173.</strong></span> <span class='ocrx_word' id='word_1_442' title='bbox 871 3622 978 3686; x_wconf 91' lang='lat' dir='ltr'><strong>IV,</strong></span> <span class='ocrx_word' id='word_1_443' title='bbox 1010 3623 1126 3673; x_wconf 85' lang='grc'><strong>280.</strong></span> <span class='ocrx_word' id='word_1_444' title='bbox 1170 3624 1257 3685; x_wconf 88' lang='lat' dir='ltr'><strong>X,</strong></span> <span class='ocrx_word' id='word_1_445' title='bbox 1286 3621 1405 3674; x_wconf 87' lang='grc'><strong>726.</strong></span> <span class='ocrx_word' id='word_1_446' title='bbox 1444 3620 1561 3682; x_wconf 87' lang='lat' dir='ltr'><strong>XIl,</strong></span> <span class='ocrx_word' id='word_1_447' title='bbox 1592 3618 1712 3669; x_wconf 88' lang='grc'><strong>618.</strong></span> <span class='ocrx_word' id='word_1_448' title='bbox 1746 3645 1812 3655; x_wconf 93' lang='lat'><em>-</em></span> <span class='ocrx_word' id='word_1_449' title='bbox 1846 3614 2123 3681; x_wconf 70' lang='lat' dir='ltr'><strong>„iubae</strong></span> <span class='ocrx_word' id='word_1_450' title='bbox 2156 3628 2465 3681; x_wconf 66' lang='lat' dir='ltr'><strong>sangun-</strong></span> 
     </span>
     <span class='ocr_line' id='line_1_46' title="bbox 152 3680 2468 3756; baseline -0.003 -15"><span class='ocrx_word' id='word_1_451' title='bbox 152 3704 339 3741; x_wconf 78' lang='lat' dir='ltr'><strong>neae</strong></span> <span class='ocrx_word' id='word_1_452' title='bbox 413 3688 607 3753; x_wconf 74' lang='grc' dir='ltr'><strong>Φὸνιαι,</strong></span> <span class='ocrx_word' id='word_1_453' title='bbox 666 3685 932 3741; x_wconf 83' lang='lat' dir='ltr'><strong>rubentes</strong></span> <span class='ocrx_word' id='word_1_454' title='bbox 971 3713 1038 3725; x_wconf 91' lang='lat'>—</span> <span class='ocrx_word' id='word_1_455' title='bbox 1075 3687 1379 3756; x_wconf 72' lang='lat' dir='ltr'><strong>hydron-um</strong></span> <span class='ocrx_word' id='word_1_456' title='bbox 1412 3718 1482 3727; x_wconf 90' lang='lat'><strong>--</strong></span> <span class='ocrx_word' id='word_1_457' title='bbox 1516 3701 1644 3737; x_wconf 87' lang='lat' dir='ltr'><strong>nam</strong></span> <span class='ocrx_word' id='word_1_458' title='bbox 1684 3682 1789 3735; x_wconf 85' lang='lat' dir='ltr'><strong>hoc</strong></span> <span class='ocrx_word' id='word_1_459' title='bbox 1825 3698 1998 3749; x_wconf 72' lang='lat' dir='ltr'><strong>genus</strong></span> <span class='ocrx_word' id='word_1_460' title='bbox 2037 3680 2468 3754; x_wconf 75' lang='lat' dir='ltr'><strong>intelligendum</strong></span> 
     </span>
     <span class='ocr_line' id='line_1_47' title="bbox 148 3726 2463 3826; baseline 0 -20"><span class='ocrx_word' id='word_1_461' title='bbox 148 3784 216 3795; x_wconf 90' lang='lat'><strong>·—-</strong></span> <span class='ocrx_word' id='word_1_462' title='bbox 238 3726 452 3808; x_wconf 65' lang='lat' dir='ltr'><strong>barlwae</strong></span> <span class='ocrx_word' id='word_1_463' title='bbox 487 3772 586 3808; x_wconf 89' lang='lat' dir='ltr'><strong>seu</strong></span> <span class='ocrx_word' id='word_1_464' title='bbox 616 3771 824 3808; x_wconf 89' lang='lat' dir='ltr'><strong>comae.</strong></span> <span class='ocrx_word' id='word_1_465' title='bbox 865 3758 970 3826; x_wconf 85' lang='lat' dir='ltr'><strong>Ap.</strong></span> <span class='ocrx_word' id='word_1_466' title='bbox 997 3758 1224 3808; x_wconf 83' lang='lat' dir='ltr'><strong>Homer.</strong></span> <span class='ocrx_word' id='word_1_467' title='bbox 1251 3758 1311 3807; x_wconf 90' lang='grc' dir='ltr'><strong>ΙΙ.</strong></span> <span class='ocrx_word' id='word_1_468' title='bbox 1341 3758 1402 3820; x_wconf 89' lang='lat'><strong>11,</strong></span> <span class='ocrx_word' id='word_1_469' title='bbox 1431 3757 1548 3807; x_wconf 80' lang='lat'><strong>308.</strong></span> <span class='ocrx_word' id='word_1_470' title='bbox 1580 3750 1765 3821; x_wconf 74' lang='grc' dir='ltr'>δράκων</span> <span class='ocrx_word' id='word_1_471' title='bbox 1791 3750 1869 3802; x_wconf 76' lang='grc' dir='ltr'><strong>ἐπὶ</strong></span> <span class='ocrx_word' id='word_1_472' title='bbox 1901 3752 2035 3800; x_wconf 53' lang='lat' dir='ltr'><strong>vaira</strong></span> <span class='ocrx_word' id='word_1_473' title='bbox 2061 3747 2343 3806; x_wconf 66' lang='grc' dir='ltr'><em>δαῶοινὸς·“</em></span> <span class='ocrx_word' id='word_1_474' title='bbox 2373 3744 2463 3801; x_wconf 80' lang='lat' dir='ltr'><strong>H·</strong></span> 
     </span>
     <span class='ocr_line' id='line_1_48' title="bbox 149 3813 2467 3896; baseline -0.004 -19"><span class='ocrx_word' id='word_1_475' title='bbox 149 3816 507 3894; x_wconf 72' lang='lat' dir='ltr'><strong>sanguineus</strong></span> <span class='ocrx_word' id='word_1_476' title='bbox 556 3824 591 3875; x_wconf 94' lang='lat' dir='ltr'><strong>i.</strong></span> <span class='ocrx_word' id='word_1_477' title='bbox 631 3841 685 3896; x_wconf 90' lang='lat' dir='ltr'><strong>q.</strong></span> <span class='ocrx_word' id='word_1_478' title='bbox 737 3841 1080 3892; x_wconf 85' lang='lat' dir='ltr'><strong>purpureus,</strong></span> <span class='ocrx_word' id='word_1_479' title='bbox 1112 3822 1316 3878; x_wconf 67' lang='lat' dir='ltr'><strong>‚ruben</strong></span> <span class='ocrx_word' id='word_1_480' title='bbox 1387 3822 1519 3876; x_wconf 90' lang='lat' dir='ltr'><strong>Vid.</strong></span> <span class='ocrx_word' id='word_1_481' title='bbox 1568 3823 1778 3873; x_wconf 89' lang='lat' dir='ltr'><strong>adnott.</strong></span> <span class='ocrx_word' id='word_1_482' title='bbox 1827 3818 1895 3869; x_wconf 84' lang='lat' dir='ltr'><strong>ad</strong></span> <span class='ocrx_word' id='word_1_483' title='bbox 1935 3819 2050 3868; x_wconf 82' lang='lat' dir='ltr'><strong>Ecl.</strong></span> <span class='ocrx_word' id='word_1_484' title='bbox 2084 3820 2170 3882; x_wconf 88' lang='lat' dir='ltr'><strong>X,</strong></span> <span class='ocrx_word' id='word_1_485' title='bbox 2212 3821 2334 3879; x_wconf 83' lang='lat'><strong>27.;</strong></span> <span class='ocrx_word' id='word_1_486' title='bbox 2369 3813 2467 3895; x_wconf 40' lang='lat' dir='ltr'><strong>&#39;‘de</strong></span> 
     </span>
     <span class='ocr_line' id='line_1_49' title="bbox 151 3886 2465 3962; baseline -0.003 -20"><span class='ocrx_word' id='word_1_487' title='bbox 151 3889 290 3944; x_wconf 74' lang='lat' dir='ltr'><strong>iuba</strong></span> <span class='ocrx_word' id='word_1_488' title='bbox 337 3890 605 3962; x_wconf 84' lang='lat' dir='ltr'><strong>anguium</strong></span> <span class='ocrx_word' id='word_1_489' title='bbox 659 3891 728 3942; x_wconf 77' lang='lat' dir='ltr'><strong>cs.</strong></span> <span class='ocrx_word' id='word_1_490' title='bbox 769 3891 1132 3945; x_wconf 72' lang='lat' dir='ltr'><strong>Taubmann.</strong></span> <span class='ocrx_word' id='word_1_491' title='bbox 1162 3892 1229 3943; x_wconf 91' lang='lat' dir='ltr'><strong>ad</strong></span> <span class='ocrx_word' id='word_1_492' title='bbox 1268 3894 1443 3943; x_wconf 86' lang='lat' dir='ltr'><strong>Plaut.</strong></span> <span class='ocrx_word' id='word_1_493' title='bbox 1479 3889 1686 3958; x_wconf 86' lang='lat' dir='ltr'><strong>Amph.</strong></span> <span class='ocrx_word' id='word_1_494' title='bbox 1721 3887 1803 3947; x_wconf 85' lang='lat' dir='ltr'><strong>V,</strong></span> <span class='ocrx_word' id='word_1_495' title='bbox 1847 3892 1908 3951; x_wconf 88' lang='grc'><strong>1,</strong></span> <span class='ocrx_word' id='word_1_496' title='bbox 1946 3886 2030 3937; x_wconf 81' lang='grc'><strong>56.</strong></span> <span class='ocrx_word' id='word_1_497' title='bbox 2068 3888 2333 3951; x_wconf 74' lang='lat' dir='ltr'><strong>(megues</strong></span> <span class='ocrx_word' id='word_1_498' title='bbox 2370 3898 2465 3935; x_wconf 80' lang='lat' dir='ltr'><strong>m·</strong></span> 
     </span>
    </p>
   </div>
   <div class='ocr_carea' id='block_1_7' title="bbox 152 3955 2568 4029">
    <p class='ocr_par' dir='ltr' id='par_1_7' title="bbox 152 3955 2568 4029">
     <span class='ocr_line' id='line_1_50' title="bbox 152 3955 2568 4029; baseline -0.004 -17"><span class='ocrx_word' id='word_1_499' title='bbox 152 3955 273 4012; x_wconf 73' lang='lat' dir='ltr'><strong>bati</strong></span> <span class='ocrx_word' id='word_1_500' title='bbox 309 3961 509 4027; x_wconf 83' lang='lat' dir='ltr'><strong>duo),</strong></span> <span class='ocrx_word' id='word_1_501' title='bbox 565 3975 596 4010; x_wconf 91' lang='lat' dir='ltr'><strong>a</strong></span> <span class='ocrx_word' id='word_1_502' title='bbox 631 3958 1006 4012; x_wconf 84' lang='lat' dir='ltr'><strong>Thiel.&#39;laud.</strong></span> <span class='ocrx_word' id='word_1_503' title='bbox 1043 3988 1112 3999; x_wconf 90' lang='lat'>—</span> <span class='ocrx_word' id='word_1_504' title='bbox 1168 3967 1535 4029; x_wconf 72' lang='lat' dir='ltr'><strong>superant</strong></span> <span class='ocrx_word' id='word_1_505' title='bbox 1582 3972 1683 4025; x_wconf 85' lang='lat' dir='ltr'><strong>pro</strong></span> <span class='ocrx_word' id='word_1_506' title='bbox 1728 3956 1882 4021; x_wconf 71' lang='lat' dir='ltr'><strong>vulg.</strong></span> <span class='ocrx_word' id='word_1_507' title='bbox 1934 3958 2297 4021; x_wconf 72' lang='lat' dir='ltr'><strong>exsuperant</strong></span> <span class='ocrx_word' id='word_1_508' title='bbox 2334 3964 2465 4003; x_wconf 86' lang='lat' dir='ltr'><strong>cum</strong></span> <span class='ocrx_word' id='word_1_509' title='bbox 2561 3961 2568 3970; x_wconf 78' lang='grc'><strong>“</strong></span> 
     </span>
    </p>
   </div>
   <div class='ocr_carea' id='block_1_8' title="bbox 151 4017 2482 4504">
    <p class='ocr_par' dir='ltr' id='par_1_8' title="bbox 151 4017 2482 4504">
     <span class='ocr_line' id='line_1_51' title="bbox 156 4017 2470 4100; baseline -0.002 -21"><span class='ocrx_word' id='word_1_510' title='bbox 156 4026 306 4085; x_wconf 69' lang='lat' dir='ltr'><strong>lVr.</strong></span> <span class='ocrx_word' id='word_1_511' title='bbox 352 4026 726 4093; x_wconf 82' lang='lat' dir='ltr'><strong>restituimus,</strong></span> <span class='ocrx_word' id='word_1_512' title='bbox 781 4029 877 4100; x_wconf 88' lang='lat' dir='ltr'><strong>qui</strong></span> <span class='ocrx_word' id='word_1_513' title='bbox 917 4028 1054 4080; x_wconf 89' lang='lat' dir='ltr'><strong>haec</strong></span> <span class='ocrx_word' id='word_1_514' title='bbox 1089 4027 1348 4080; x_wconf 82' lang='lat' dir='ltr'><strong>adnotat:</strong></span> <span class='ocrx_word' id='word_1_515' title='bbox 1403 4029 1601 4091; x_wconf 89' lang='lat' dir='ltr'><strong>„Fons</strong></span> <span class='ocrx_word' id='word_1_516' title='bbox 1650 4022 1907 4090; x_wconf 83' lang='lat' dir='ltr'><strong>vulgatae</strong></span> <span class='ocrx_word' id='word_1_517' title='bbox 1943 4017 2200 4071; x_wconf 83' lang='lat' dir='ltr'><strong>lectionis</strong></span> <span class='ocrx_word' id='word_1_518' title='bbox 2236 4017 2470 4071; x_wconf 74' lang='lat' dir='ltr'><strong>sortasse</strong></span> 
     </span>
     <span class='ocr_line' id='line_1_52' title="bbox 152 4084 2469 4167; baseline -0.003 -22"><span class='ocrx_word' id='word_1_519' title='bbox 152 4094 277 4146; x_wconf 85' lang='lat' dir='ltr'><strong>cod.</strong></span> <span class='ocrx_word' id='word_1_520' title='bbox 317 4098 525 4161; x_wconf 84' lang='lat' dir='ltr'><strong>Palat.,</strong></span> <span class='ocrx_word' id='word_1_521' title='bbox 565 4095 626 4147; x_wconf 90' lang='lat' dir='ltr'><strong>in</strong></span> <span class='ocrx_word' id='word_1_522' title='bbox 663 4113 777 4167; x_wconf 93' lang='lat' dir='ltr'><strong>quo</strong></span> <span class='ocrx_word' id='word_1_523' title='bbox 806 4105 1159 4165; x_wconf 51' lang='lat' dir='ltr'><strong>exuperauit.</strong></span> <span class='ocrx_word' id='word_1_524' title='bbox 1232 4095 1341 4148; x_wconf 87' lang='lat' dir='ltr'><strong>Sed</strong></span> <span class='ocrx_word' id='word_1_525' title='bbox 1382 4092 1883 4160; x_wconf 87' lang='lat' dir='ltr'><strong>obtemperandum</strong></span> <span class='ocrx_word' id='word_1_526' title='bbox 1919 4086 2264 4159; x_wconf 83' lang='lat' dir='ltr'><strong>reliquorum</strong></span> <span class='ocrx_word' id='word_1_527' title='bbox 2298 4084 2469 4138; x_wconf 87' lang='lat' dir='ltr'><strong>codd.</strong></span> 
     </span>
     <span class='ocr_line' id='line_1_53' title="bbox 153 4156 2466 4228; baseline -0.003 -15"><span class='ocrx_word' id='word_1_528' title='bbox 153 4162 498 4228; x_wconf 74' lang='lat' dir='ltr'><strong>auctoritati3</strong></span> <span class='ocrx_word' id='word_1_529' title='bbox 536 4162 616 4217; x_wconf 86' lang='lat' dir='ltr'><strong>sic</strong></span> <span class='ocrx_word' id='word_1_530' title='bbox 651 4173 881 4216; x_wconf 86' lang='lat' dir='ltr'><strong>censent</strong></span> <span class='ocrx_word' id='word_1_531' title='bbox 915 4164 1082 4216; x_wconf 88' lang='lat' dir='ltr'><strong>etiam</strong></span> <span class='ocrx_word' id='word_1_532' title='bbox 1117 4165 1215 4216; x_wconf 88' lang='lat' dir='ltr'><strong>W.</strong></span> <span class='ocrx_word' id='word_1_533' title='bbox 1255 4172 1310 4216; x_wconf 87' lang='lat' dir='ltr'><strong>et</strong></span> <span class='ocrx_word' id='word_1_534' title='bbox 1341 4161 1495 4214; x_wconf 87' lang='lat' dir='ltr'><strong>lahn.</strong></span> <span class='ocrx_word' id='word_1_535' title='bbox 1532 4160 1602 4212; x_wconf 87' lang='lat' dir='ltr'><strong>ad</strong></span> <span class='ocrx_word' id='word_1_536' title='bbox 1628 4158 1771 4209; x_wconf 86' lang='lat' dir='ltr'><strong>Aen.</strong></span> <span class='ocrx_word' id='word_1_537' title='bbox 1797 4159 1851 4223; x_wconf 88' lang='grc' dir='ltr'><strong>Ι,</strong></span> <span class='ocrx_word' id='word_1_538' title='bbox 1881 4160 1998 4209; x_wconf 84' lang='grc'><strong>315.</strong></span> <span class='ocrx_word' id='word_1_539' title='bbox 2068 4156 2263 4226; x_wconf 82' lang='lat' dir='ltr'><strong>Neque</strong></span> <span class='ocrx_word' id='word_1_540' title='bbox 2296 4169 2466 4222; x_wconf 85' lang='lat' dir='ltr'><strong>prae·-</strong></span> 
     </span>
     <span class='ocr_line' id='line_1_54' title="bbox 151 4222 2469 4301; baseline -0.002 -23"><span class='ocrx_word' id='word_1_541' title='bbox 151 4225 459 4295; x_wconf 74' lang='lat' dir='ltr'><strong>tereuuda,</strong></span> <span class='ocrx_word' id='word_1_542' title='bbox 512 4248 658 4301; x_wconf 85' lang='lat' dir='ltr'><strong>quae</strong></span> <span class='ocrx_word' id='word_1_543' title='bbox 694 4232 993 4284; x_wconf 87' lang='lat' dir='ltr'><strong>Wunderl.</strong></span> <span class='ocrx_word' id='word_1_544' title='bbox 1042 4231 1218 4283; x_wconf 84' lang='lat' dir='ltr'><strong>Praef.</strong></span> <span class='ocrx_word' id='word_1_545' title='bbox 1268 4249 1325 4300; x_wconf 88' lang='lat' dir='ltr'><strong>p.</strong></span> <span class='ocrx_word' id='word_1_546' title='bbox 1355 4231 1487 4283; x_wconf 87' lang='lat' dir='ltr'><strong>XV.</strong></span> <span class='ocrx_word' id='word_1_547' title='bbox 1515 4223 1764 4289; x_wconf 19' lang='lat' dir='ltr'><strong>&#39;sm-ibin</strong></span> <span class='ocrx_word' id='word_1_548' title='bbox 1818 4263 1854 4291; x_wconf 93' lang='lat'>„</span> <span class='ocrx_word' id='word_1_549' title='bbox 1873 4223 1993 4290; x_wconf 88' lang='lat' dir='ltr'><strong>„ad</strong></span> <span class='ocrx_word' id='word_1_550' title='bbox 2038 4222 2182 4290; x_wconf 77' lang='lat' dir='ltr'><strong>Aen.</strong></span> <span class='ocrx_word' id='word_1_551' title='bbox 2217 4224 2297 4286; x_wconf 91' lang='lat'><strong>11,</strong></span> <span class='ocrx_word' id='word_1_552' title='bbox 2345 4224 2469 4275; x_wconf 83' lang='lat'><strong>207.</strong></span> 
     </span>
     <span class='ocr_line' id='line_1_55' title="bbox 155 4294 2482 4370; baseline -0.001 -25"><span class='ocrx_word' id='word_1_553' title='bbox 155 4310 391 4349; x_wconf 82' lang='lat' dir='ltr'><strong>monere</strong></span> <span class='ocrx_word' id='word_1_554' title='bbox 442 4306 722 4367; x_wconf 86' lang='lat' dir='ltr'><strong>poteram,</strong></span> <span class='ocrx_word' id='word_1_555' title='bbox 795 4298 1018 4352; x_wconf 84' lang='lat' dir='ltr'><strong>lectioni</strong></span> <span class='ocrx_word' id='word_1_556' title='bbox 1056 4308 1363 4370; x_wconf 76' lang='lat' dir='ltr'><strong>-supemnt</strong></span> <span class='ocrx_word' id='word_1_557' title='bbox 1414 4294 1709 4365; x_wconf 85' lang='lat' dir='ltr'><strong>repetitum</strong></span> <span class='ocrx_word' id='word_1_558' title='bbox 1765 4309 1821 4344; x_wconf 83' lang='lat' dir='ltr'><strong>v.</strong></span> <span class='ocrx_word' id='word_1_559' title='bbox 1858 4297 1973 4345; x_wconf 86' lang='grc'><strong>219.</strong></span> <span class='ocrx_word' id='word_1_560' title='bbox 2022 4296 2305 4359; x_wconf 68' lang='lat' dir='ltr'><strong>superant</strong></span> <span class='ocrx_word' id='word_1_561' title='bbox 2350 4304 2482 4342; x_wconf 76' lang='lat' dir='ltr'><strong>non&#39;</strong></span> 
     </span>
     <span class='ocr_line' id='line_1_56' title="bbox 155 4357 2470 4437; baseline -0.002 -20"><span class='ocrx_word' id='word_1_562' title='bbox 155 4359 412 4425; x_wconf 80' lang='lat' dir='ltr'><strong>obstare,</strong></span> <span class='ocrx_word' id='word_1_563' title='bbox 463 4370 632 4436; x_wconf 81' lang='lat' dir='ltr'><strong>atque</strong></span> <span class='ocrx_word' id='word_1_564' title='bbox 666 4365 892 4419; x_wconf 81' lang='lat' dir='ltr'><strong>laudare</strong></span> <span class='ocrx_word' id='word_1_565' title='bbox 927 4367 1069 4419; x_wconf 83' lang='lat' dir='ltr'><strong>Aen.</strong></span> <span class='ocrx_word' id='word_1_566' title='bbox 1108 4370 1184 4434; x_wconf 86' lang='lat'><strong>11,</strong></span> <span class='ocrx_word' id='word_1_567' title='bbox 1225 4372 1340 4421; x_wconf 76' lang='grc'><strong>303.</strong></span> <span class='ocrx_word' id='word_1_568' title='bbox 1375 4378 1626 4431; x_wconf 79' lang='lat' dir='ltr'><strong>supero,</strong></span> <span class='ocrx_word' id='word_1_569' title='bbox 1664 4364 1783 4413; x_wconf 88' lang='grc'><strong>311.</strong></span> <span class='ocrx_word' id='word_1_570' title='bbox 1820 4367 2167 4429; x_wconf 74' lang='lat' dir='ltr'><strong>superante,</strong></span> <span class='ocrx_word' id='word_1_571' title='bbox 2217 4357 2314 4437; x_wconf 60' lang='grc' dir='ltr'><strong>γει</strong></span> <span class='ocrx_word' id='word_1_572' title='bbox 2350 4363 2470 4410; x_wconf 82' lang='lat' dir='ltr'><strong>not-</strong></span> 
     </span>
     <span class='ocr_line' id='line_1_57' title="bbox 157 4426 2471 4504; baseline -0.003 -23"><span class='ocrx_word' id='word_1_573' title='bbox 157 4431 225 4482; x_wconf 76' lang='lat' dir='ltr'><strong>ad</strong></span> <span class='ocrx_word' id='word_1_574' title='bbox 254 4433 362 4484; x_wconf 75' lang='lat' dir='ltr'><strong>Ge.</strong></span> <span class='ocrx_word' id='word_1_575' title='bbox 393 4435 448 4500; x_wconf 89' lang='lat'><strong>1,</strong></span> <span class='ocrx_word' id='word_1_576' title='bbox 481 4431 701 4487; x_wconf 85' lang='grc'><strong>126.“’“</strong></span> <span class='ocrx_word' id='word_1_577' title='bbox 768 4432 1153 4504; x_wconf 63' lang='lat' dir='ltr'><strong>&amp;superant</strong></span> <span class='ocrx_word' id='word_1_578' title='bbox 1180 4444 1364 4491; x_wconf 80' lang='lat' dir='ltr'><strong>ortum</strong></span> <span class='ocrx_word' id='word_1_579' title='bbox 1389 4432 1614 4487; x_wconf 75' lang='lat' dir='ltr'><strong>videtur</strong></span> <span class='ocrx_word' id='word_1_580' title='bbox 1646 4443 1681 4483; x_wconf 84' lang='lat' dir='ltr'><strong>e</strong></span> <span class='ocrx_word' id='word_1_581' title='bbox 1714 4443 2031 4500; x_wconf 76' lang='lat' dir='ltr'><strong>praegressa</strong></span> <span class='ocrx_word' id='word_1_582' title='bbox 2057 4426 2269 4491; x_wconf 72' lang='lat' dir='ltr'><strong>vocali,</strong></span> <span class='ocrx_word' id='word_1_583' title='bbox 2299 4438 2471 4497; x_wconf 81' lang='lat' dir='ltr'><strong>quae,</strong></span> 
     </span>
    </p>
   </div>
  </div>
 </body>
</html>
