2870 4981
981 327 1394 396 AENmnos
1455 323 1611 400 Lm.
1634 287 1693 400 ὶ.
2409 341 2493 409 91

183 517 429 580 Moenia
471 525 916 599 surgentemque
960 540 1147 582 novae
1188 519 1566 601 Carthaginis
1606 519 1843 603 arcem.

181 603 542 683 Mercatique
583 603 803 684 solnm,
851 604 989 668 sacti
1034 606 1105 668 de
1146 606 1376 668 nomine
1418 607 1705 688 Byrsam,

178 837 460 904 manv,
501 837 622 893 34⁵.
656 838 775 892 356.
830 838 976 906 vm,
1014 841 1105 896 99.
1171 838 1341 894 Adde
1376 833 1534 908 vm,
1569 843 1689 897 381.
1744 846 1834 909 x,
1873 844 1995 899 393.
2044 847 2177 913 xn,
2214 851 2335 902 210.
2369 854 2490 906 237.
2584 830 2591 838 '

203 907 371 959 'luum
417 914 604 960 autem
653 905 716 959 in
759 905 851 961 his
899 908 1122 977 propria
1167 906 1384 980 ubique
1432 919 1692 964 cernatur
1736 910 1908 981 binius
1958 913 2262 980 particulae
2306 915 2492 989 signi-

223 974 397 1040 catio,
453 983 518 1028 ut
549 975 635 1041 -ad
711 991 937 1029 raesens
986 984 1206 1047 tempus
1252 976 1555 1045 reseratur,
1607 976 1784 1046 probe
1837 978 2219 1050 distinguendi
2254 995 2381 1039 sunt
2417 984 2490 1039 ab

175 1041 270 1096 his
304 1041 400 1094 alii
445 1042 588 1109 loci,
634 989 736 1094 nbi
794 1059 885 1096 res
936 1040 1047 1098 sibi
1096 1043 1462 1098 succedentes
1494 1043 1704 1099 indicat
1740 1046 1877 1098 haec
1913 1044 2213 1115 part'icula3
2265 1058 2384 1103 tum
2422 1067 2493 1107 ea

220 1112 517 1182 letumque
603 1109 876 1162 eminatnr
925 1119 981 1163 et
1030 1110 1260 1164 cuilibet
1307 1110 1550 1181 tempori
1585 1112 1865 1184 iungitur:
1913 1115 2177 1182 Aen.V‚
2211 1122 2333 1173 701.
2364 1123 2488 1175 831.

174 1127 337 1244 zm,
377 1177 501 1230 431.
631 1194 723 1229 ere
768 1178 1080 1245 praesentia
1127 1179 1268 1233 haec
1315 1188 1481 1233 sunt:
1530 1180 1676 1234 Aen.
1708 1185 1786 1248 Π,
1823 1183 1910 1236 56.
1944 1184 2064 1236 522.
2112 1186 2210 1252 1113
2246 1186 2366 1240 491.
2407 1189 2487 1256 V,

175 1249 303 1301 396.
350 1252 480 1298 cett.
519 1276 552 1286 -
586 1275 622 1285 -
682 1243 831 1297 Hinc
871 1246 987 1325 iam
1035 1254 1226 1326 patere
1274 1243 1541 1314 arbitror,
1591 1266 1710 1302 non
1758 1265 1922 1318 posse
1971 1248 2105 1304 h.1.
2154 1252 2284 1307 ferri
2329 1270 2489 1310 nuno

172 1329 411 1433 353⁶&
441 1313 2490 1460 czthssssssztgffzssgss{ffffi‘fiffifegsst3⁰:1²3ffiffieffla.};¹3⁶1.2333

169 1446 369 1503 dei-nis
402 1447 693 1510 revocavi,
725 1447 766 1499 i.
807 1465 856 1500 e.
894 1465 1130 1502 cernere
1160 1447 1326 1517 Rvet,
1362 1466 1600 1503 cet-nem
1621 1460 1824 1520 potes5
1872 1451 1968 1524 qui
2007 1470 2138 1508 usus
2176 1457 2487 1513 Praesentis

167 1517 419 1569 multum
455 1515 633 1585 poetis
671 1516 1051 1586 frequentatus
1088 1534 1162 1568 ne
1193 1534 1226 1568 a
1262 1518 1444 1570 soluta
1471 1517 1704 1588 quidem
1744 1518 1995 1572 oratione
2028 1520 2324 1576 abhorret:
2366 1523 2487 1578 Cio.

170 1582 284 1637 Off.
314 1586 392 1649 11,
429 1585 481 1637 6.
533 1592 671 1636 extr.
718 1593 784 1636 ‘eet
830 1600 1003 1650 saepe
1045 1580 1110 1636 ὄπ
1152 1593 1359 1639 nostra
1375 1582 1691 1653 ‘republica
1724 1585 2001 1641 fidetenus.
2074 1589 2251 1642 Acad.
2281 1593 2359 1657 11,
2397 1596 2488 1646 33.

167 1650 362 1705 -Πηάο
393 1649 706 1718 memoria,
743 1649 799 1704 si
830 1648 980 1705 m‘kil
1090 1649 1409 1720 rcipimus?
1456 1649 1557 1704 ubi
1594 1654 1902 1707 Goereuz.:
1948 1655 2368 1737 „percipimus
2403 1666 2490 1715 est

156 1718 478 1790 percipere
516 1734 853 1788 possumus.
874 1717 924 1745 “
1072 1737 1128 1772 r.
1181 1731 1249 1756 -··
1327 1720 1446 1773 366.
1490 1735 1635 1774 sur
1698 1731 1959 1789 entem,
2000 1724 2178 1778 ‘condi
2226 1735 2487 1796 coeptam

166 1796 230 1838 et
265 1786 329 1839 in
382 1788 556 1839 altum
608 1795 971 1839 crescentem.
1044 1785 1128 1838 cf.
1175 1785 1320 1839 infra
1357 1804 1412 1840 v.
1439 1785 1562 1841 437.
1600 1737 1707 1855 Vq,
1747 1790 1867 1842 528.
1909 1797 1964 1842 et
2007 1790 2221 1856 adnott.
2251 1793 2322 1845 ad
2365 1795 2487 1862 Ecl.

166 1853 281 1920 VI,
321 1858 408 1916 39.
442 1855 563 1908 .Ge.
600 1853 703 1920 III,
744 1857 830 1908 29.
882 1864 936 1907 et
980 1854 1088 1919 IV,
1132 1858 1213 1907 12.
1255 1882 1335 1907 .—
1397 1852 1898 1927 Carthaginis
1943 1874 2204 1913 arcem.
2279 1862 2487 1925 „Sane

159 1921 460 1977 Didonem
493 1923 667 1990 Byrsa
719 1938 818 1973 arx
851 1920 1213 1974 conditricem
1249 1915 1481 1986 habaiu
1528 1921 1731 1977 urbem
1778 1923 1932 1977 enim
1981 1925 2188 1996 ipsam,
2241 1926 2339 1981 illa
2374 1929 2485 1984 ad-

163 1995 476 2055 ventante,
513 1989 624 2042 iam
658 1986 880 2047 stetisse
907 1986 1203 2058 probabile
1235 1988 1324 2055 fit3
1374 1999 1429 2043 at
1462 1989 1559 2044 hic
1592 1991 1772 2046 nolim
1807 1991 1881 2045 ita
1914 1993 2173 2063 argutari.
2237 1994 2291 2047 A
2327 2006 2486 2066 parto

164 2058 388 2129 insigni
440 2056 754 2128 designavit
800 2054 998 2109 urbem
1040 2056 1452 2128 Carthaginem.
1483 2088 1565 2102 —-
1621 2061 1740 2114 367.
1779 2058 2170 2116 Devenere
2198 2092 2273 2116 --‚
2302 2081 2483 2119 mer·

162 2128 484 2201 carique
517 2122 949 2192 sunwsolum,
996 2125 1091 2190 [cf.
1131 2125 1345 2180 adnott.
1378 2125 1448 2178 ad
1490 2128 1609 2179 Ecl.
1635 2129 1690 2193 Ι,
1726 2127 1812 2181 54.
1849 2137 1903 2180 et
1938 2129 2006 2180 ad
2042 2131 2296 2190 Prooem.
2331 2132 2481 2187 Aen.

163 2209 226 2246 v.
253 2199 305 2246 1.
338 2210 395 2263 p.
424 2193 532 2258 25.]
566 2194 794 2261 Byrsam
813 2227 829 2258 ‚
857 2191 914 2244 h.
933 2210 982 2243 e.
1015 2195 1200 2245 locum
1218 2233 1233 2259 ,
1263 2193 1325 2246 in
1351 2210 1467 2266 quo
1498 2196 1728 2261 Byrsam
1753 2211 1936 2247 arcem
1962 2196 2354 2264 condiderunt,
2381 2216 2485 2254 seu

161 2260 439 2333 Bysram
470 2260 685 2327 verius,
721 2269 784 2312 ut
819 2268 943 2328 post
975 2260 1318 2380 Scaliqerum
1357 2261 1426 2313 ad
1463 2259 1671 2339 Euseb.
1699 2260 1908 2314 Chron.
1951 2257 2110 2315 multi
2149 2264 2483 2320 docuerunt.

162 2329 280 2382 Sed
342 2336 495 2381 recte
540 2329 716 2391 βόειονι
739 2329 954 2399 βύρσαν,
1010 2326 1138 2380 sabu
1167 2346 1255 2380 am
1290 2345 1322 2381 a
1355 2330 1581 2383 Graecis
1628 2328 1780 2396 haud
1817 2327 1989 2381 dubie
2028 2339 2234 2397 ortam,
2283 2332 2483 2404 sequi-

159 2396 322 2451 ἰω-ἐ(
352 2396 441 2450 Η.
482 2397 641 2462 „Arx
669 2394 1038 2466 Carthaginis,
1070 2396 1256 2448 media
1282 2392 1425 2448 urbe
1449 2394 1571 2462 sita,
1594 2414 1626 2450 a
1652 2394 2028 2451 Phoenicibus
2058 2401 2334 2466 appellata
2358 2418 2484 2455 esse

160 2474 400 2531 videtur
436 2461 653 2549 52:52³(
673 2467 915 2540 Bosra).
951 2471 1391 2543 vunnimentum3
1427 2472 1517 2527 cui
1553 2474 1858 2545 respondet
1890 2490 2003 2528 vox
2030 2473 2306 2529 Hebraica
2335 2487 2483 2558 5³33

161 2551 340 2608 locus
361 2549 705 2621 praecisus,
742 2550 1019 2605 miaem‘ius.
1087 2547 1443 2603 Duaeurbes
1473 2550 1583 2603 hoc
1608 2549 1837 2604 nomine
1868 2559 2095 2603 vocatae
2120 2552 2484 2613 innotuerunt

160 2621 473 2674 Idumaeae
508 2620 708 2684 altera,
743 2622 846 2673 Ies.
873 2619 969 2684 34,
1006 2616 1058 2670 6.
1095 2621 1195 2683 63,
1237 2624 1287 2671 1.
1338 2616 1445 2670 cf.
1484 2617 1798 2675 Callai-aff.
1825 2621 1887 2670 11.
1934 2635 1996 2687 p.
2024 2622 2173 2686 579„
2213 2621 2382 2674 altera
2417 2623 2481 2679 in

159 2696 317 2743 terra
353 2682 543 2740 Moab.
580 2689 775 2739 lerem.
800 2688 898 2753 48,
934 2686 1019 2739 24.
1089 2685 1238 2739 Huic
1292 2684 1546 2754 opinibni
1596 2694 1650 2739 et
1686 2684 2019 2739 derivationi
2051 2687 2296 2742 nominis
2333 2688 2483 2747 favet

156 2765 374 2810 natura
411 2753 582 2820 arcis,
617 2771 651 2806 a
687 2752 958 2809 Strabone
990 2756 1166 2808 XVII.
1203 2771 1261 2823 p.
1300 2756 1450 2807 1176.
1488 2753 1562 2806 ita
1599 2753 1904 2824 descripta:
1942 2756 2093 2809 Κατὰ.
2120 2763 2275 2822 μέσην
2307 2759 2359 2809 δὲ
2390 2760 2483 2827 τὴν

159 2824 310 2880 πὸλιν
359 2819 390 2890 ἦ
442 2818 726 2895 ἆκρόπολις,
778 2816 835 2888 ἢν
877 2823 1073 2875 ἐκάλουν
1109 2820 1337 2892 Βῦρσαν,
1388 2823 1541 2894 ὀφρῦς
1589 2818 1762 2882 ἱκανοῖς
1807 2825 1964 2893 ὀρθία.
2035 2824 2229 2876 Graeci
2278 2825 2481 2882 duram

158 2889 438 2946 vocabuli
485 2889 996 2958 pronuntiationem
1043 2892 1368 2945 mollientes
1391 2890 1596 2944 Basra
1639 2889 1700 2942 in
1747 2887 2210 2964 Bv'qerwmutasse
2241 2922 2310 2932 -
2357 2892 2478 2948 vid.

158 2955 572 3035 qasaubonum
618 2957 687 3010 ad
727 2957 1015 3012 Strabonis
1061 2959 1281 3025 locum,
1328 2966 1384 3010 et
1417 2956 1663 3010 Simonis
1706 2958 2122 3019 Onomasticum
2172 2975 2227 3025 p.
2259 2962 2376 3015 192.
2408 2992 2481 3005 -.

160 3025 427 3098 indeque
478 3024 607 3096 alii,
660 3034 987 3097 argumento
1037 3042 1106 3078 ex
1148 3024 1552 3097 significatione
1588 3025 1829 3078 Graecae
1862 3025 2019 3078 vocis
2053 3023 2226 3094 petito
2263 3027 2476 3089 (Tacit.

158 3094 319 3148 nist.
348 3094 432 3159 V,
468 3096 591 3161 2.)‚
642 3087 890 3147 fabulam
927 3091 998 3145 de
1033 3102 1264 3164 tergore
1295 3091 1535 3147 taurino
1565 3093 1949 3161 composuisse
1981 3093 2077 3145 vid
2120 3093 2316 3145 ntur.“
2356 3095 2474 3156 W.

159 3160 490 3232 „Sollicitat
522 3176 746 3215 versum
775 3164 894 3214 367.
930 3159 1173 3215 Beckius
1207 3162 1277 3213 de
1310 3176 1476 3214 sensu
1514 3159 1633 3211 crit.
1662 3162 1725 3213 11.
1757 3177 1813 3229 p.
1842 3164 1927 3212 62.
1950 3200 1964 3225 ,
2002 3179 2075 3231 qu
2102 3170 2213 3239 ‘ppe
2235 3160 2480 3221 similem

162 3230 260 3297 ei,
322 3224 420 3302 qtii
470 3228 654 3298 supra*
690 3238 806 3281 erat
839 3233 955 3284 109.
1024 3233 1211 3297 Potqt
1242 3230 1432 3281 tamen
1472 3226 1530 3278 h.
1563 3228 1604 3278 l.
1656 3227 1787 3280 ferri
1823 3245 1897 3280 ex
1928 3228 2171 3281 mstorris
2244 3229 2476 3300 etitum,

160 3290 231 3352 nt
263 3297 337 3351 iis
376 3296 728 3350 declarandis
763 3296 1099 3364 inserviens,
1141 3295 1242 3349 etsi
1280 3296 1614 3366 iugrata'est
1645 3294 1865 3348 iunctm·
1925 3297 1958 3323 '⁸‘
1994 3286 2082 3350 Η.
2153 3245 2480 3365 ‚X'ersuum

163 3384 335 3446 seqq.
384 3362 525 3417 fides
575 3383 690 3417 non
724 3364 945 3417 videtur
979 3364 1363 3421 sollicitanda:
1416 3379 1604 3433 neque
1649 3363 1797 3419 euim
1835 3378 1903 3419 ve
1936 3363 2137 3417 isimile
2178 3373 2291 3431 est,
2342 3365 2480 3420 Vir-

164 3434 375 3504 gilium
409 3449 529 3484 rem
580 3450 611 3484 a
658 3433 849 3486 multis
902 3432 1236 3487 celebratam
1276 3431 1497 3489 silentio
1535 3431 1878 3500 praemisse.
1915 3463 1949 3474 -
1990 3463 2016 3472 -
2053 3431 2251 3502 Negari
2288 3441 2482 3488 tamen

166 3499 410 3575 nequit,
470 3500 726 3553 ordinem
778 3501 1171 3554 sententiarum
1221 3517 1337 3553 non
1387 3499 1518 3554 satis
1568 3516 1689 3557 esse
1739 3500 2133 3566 commodum,
2184 3516 2247 3550 ac
2300 3509 2481 3554 totum

164 3571 365 3622 locum
419 3570 599 3620 multo
647 3568 765 3620 sore
817 3569 1250 3637 expeditiorem,
1313 3566 1357 3621 si
1408 3562 1755 3634 transpositis
1806 3567 2064 3621 versibus
2096 3566 2230 3619 ·hoc
2278 3567 2481 3622 ordine

166 3635 445 3705 procedat
492 3635 702 3688 oratio:
752 3635 1119 3711 DIercatiquc
1168 3664 1194 3676 -
1233 3664 1259 3683 -ι
1318 3633 1583 3690 chure‘no
1621 3662 1647 3674 -
1687 3664 1713 3676 -
1760 3634 2059 3689 Devenere
2093 3663 2120 3675 -
2159 3662 2185 3674 -
2237 3632 2481 3690 Moenia

164 3714 299 3758 cett.
375 3704 442 3756 Et
478 3702 744 3756 devenire
759 3712 891 3756 ”tum
928 3706 999 3756 de
1037 3705 1131 3770 iis,
1168 3702 1266 3776 qui
1295 3704 1472 3755 classe
1505 3703 1573 3754 ad
1612 3702 1855 3776 aliquem
1891 3704 2077 3757 locum
2107 3701 2481 3769 devehuntur,

163 3778 294 3825 tum
331 3770 407 3824 de
444 3771 546 3838 iis,
597 3770 695 3843 qui
744 3770 805 3824 in
840 3772 1115 3826 coloniam
1149 3771 1520 3824 deducuntur.
1592 3771 1700 3823 Sed
1758 3787 1932 3843 quum
1970 3770 2188 3825 nullum
2227 3768 2283 3820 in
2320 3765 2483 3826 libris

163 3838 307 3894 mss.
359 3836 661 3908 <festigium
712 3856 779 3893 eo
824 3840 1019 3906 ducat,
1074 3858 1188 3893 non
1237 3856 1405 3892 ausus
1455 3856 1581 3892 sum
1633 3854 1894 3905 versuum
1943 3835 2197 3889 ordinem
2246 3845 2485 3892 mutare.

165 3907 326 3977 Quid
367 3916 585 3972 autem,
635 3907 684 3960 si
728 3924 761 3960 a
797 3907 1135 3979 Virgilio'ea
1170 3907 1343 3973 serie,
1433 3918 1560 3959 uam
1599 3904 1894 3976 proposui,
1943 3921 2137 3956 versus
2176 3904 2279 3956 hos
2316 3903 2483 3959 exhi—-

165 3972 326 4029 bitos
366 3971 716 4057 putabimus,
766 3977 865 4031 sed
913 3972 1354 4046 transpositos'a
1442 3990 1577 4027 ucca
1616 3983 1670 4026 et
1710 3973 1872 4026 Vario
1909 3969 1981 4025 ob
2021 3969 2292 4040 ingratam
2328 3973 2487 4048 vocis

152 4042 333 4114 facti
365 4042 755 4097 iterationem?
819 4044 1046 4097 Interim
1081 4043 1212 4098 scita
1248 4041 1710 4113 pronunciatione
1744 4039 1995 4093 adiuvari
2030 4040 2186 4093 locus
2222 4039 2486 4109 poterit.‘·

169 4113 337 4164 Haec
383 4108 573 4178 Wr.;
610 4111 708 4164 sed
744 4121 891 4165 recte
930 4107 1256 4172 Weickert.
1293 4113 1335 4163 1.
1372 4113 1414 4162 l.
1451 4128 1508 4180 p.
1572 4127 1619 4163 .:
1655 4107 1923 4176 „Nescim
1964 4106 2100 4179 quid
2136 4107 2486 4177 transpositis

167 4177 259 4254 de⁸
299 4177 583 4250 Wagneri
625 4179 892 4232 sententia
938 4179 1194 4234 versibus
1251 4178 1533 4249 possimus
1593 4174 1817 4230 lucrari.
1896 4177 2040 4227 Num
2106 4174 2483 4247 devenerunt,

161 4255 481 4318 „postquam
509 4255 643 4301 sunt
673 4247 939 4300 mercati?
989 4248 1267 4321 Equidem
1293 4245 1438 4299 nihil
1469 4245 1641 4299 video
1671 4242 2001 4312 impeditum
2038 4241 2101 4295 in
2135 4243 2488 4314 singulorum

173 4314 416 4380 ordine,
448 4330 792 4387 qttamquam
817 4315 1047 4384 largior,
1075 4313 1320 4396 pedestri
1351 4312 1600 4381 oratione
1631 4309 1797 4366 scribi
1826 4311 2071 4380 potuisse
2095 4310 2447 4366 commodius
2466 4328 2483 4362 ε

178 4380 469 4436 devenere
505 4384 696 4449 locos,
746 4381 1029 4436 ubimunc
1077 4381 1320 4452 iugentia
1356 4380 1539 4435 cernis
1578 4378 1801 4432 moenia
1839 4389 2270 4452 surgentemque
2305 4394 2488 4432 novae

179 4442 542 4523 Carthaginis
585 4464 804 4518 arcem,
849 4452 1189 4525 mercatique
1236 4457 1364 4506 sunt
1410 4452 1624 4515 solum,
1668 4454 1945 4518 quantum
1991 4446 2213 4503 taurino
2259 4452 2490 4517 possent

2428 4582 2481 4631 Ο
