<?xml version="1.0" encoding="UTF-8"?>
<!DOCTYPE html PUBLIC "-//W3C//DTD XHTML 1.0 Transitional//EN"
    "http://www.w3.org/TR/xhtml1/DTD/xhtml1-transitional.dtd">
<html xmlns="http://www.w3.org/1999/xhtml" xml:lang="en" lang="en">
 <head>
  <title>
</title>
<meta http-equiv="Content-Type" content="text/html;charset=utf-8" />
  <meta name='ocr-system' content='tesseract 3.04.00' />
  <meta name='ocr-capabilities' content='ocr_page ocr_carea ocr_par ocr_line ocrx_word'/>
</head>
<body>
  <div class='ocr_page' id='page_1' title='image "./pvirgiliimaroni00forbgoog_0163.png"; bbox 0 0 2870 4981; ppageno 0'>
   <div class='ocr_carea' id='block_1_1' title="bbox 930 235 2447 370">
    <p class='ocr_par' dir='ltr' id='par_1_1' title="bbox 930 235 2447 370">
     <span class='ocr_line' id='line_1_1' title="bbox 930 235 2447 370; baseline 0.008 -17"><span class='ocrx_word' id='word_1_1' title='bbox 930 279 1340 358; x_wconf 58' lang='lat' dir='ltr'>anemos</span> <span class='ocrx_word' id='word_1_2' title='bbox 1398 235 1557 357; x_wconf 75' lang='lat' dir='ltr'>Lm.</span> <span class='ocrx_word' id='word_1_3' title='bbox 1584 294 1667 360; x_wconf 80' lang='grc' dir='ltr'><strong>ιι.</strong></span> <span class='ocrx_word' id='word_1_4' title='bbox 2035 327 2043 334; x_wconf 26' lang='grc' dir='ltr'><strong><em>κ</em></strong></span> <span class='ocrx_word' id='word_1_5' title='bbox 2319 299 2447 370; x_wconf 78' lang='lat'>157</span> 
     </span>
    </p>
   </div>
   <div class='ocr_carea' id='block_1_2' title="bbox 161 473 1866 803">
    <p class='ocr_par' dir='ltr' id='par_1_2' title="bbox 168 473 1611 566">
     <span class='ocr_line' id='line_1_2' title="bbox 168 473 1611 566; baseline -0.002 -19"><span class='ocrx_word' id='word_1_6' title='bbox 168 482 402 566; x_wconf 78' lang='lat' dir='ltr'>Ingentis</span> <span class='ocrx_word' id='word_1_7' title='bbox 442 473 773 560; x_wconf 75' lang='lat' dir='ltr'>uterumque</span> <span class='ocrx_word' id='word_1_8' title='bbox 817 489 1039 542; x_wconf 78' lang='lat' dir='ltr'>armato</span> <span class='ocrx_word' id='word_1_9' title='bbox 1082 478 1263 543; x_wconf 82' lang='lat' dir='ltr'>milite</span> <span class='ocrx_word' id='word_1_10' title='bbox 1302 481 1611 563; x_wconf 81' lang='lat' dir='ltr'>complent.</span> 
     </span>
    </p>

    <p class='ocr_par' dir='ltr' id='par_1_3' title="bbox 161 566 1866 803">
     <span class='ocr_line' id='line_1_3' title="bbox 312 566 1782 645; baseline -0.001 -16"><span class='ocrx_word' id='word_1_11' title='bbox 312 569 420 629; x_wconf 85' lang='lat' dir='ltr'>Est</span> <span class='ocrx_word' id='word_1_12' title='bbox 460 566 520 625; x_wconf 88' lang='lat' dir='ltr'>in</span> <span class='ocrx_word' id='word_1_13' title='bbox 564 574 872 644; x_wconf 87' lang='lat' dir='ltr'>conspectu</span> <span class='ocrx_word' id='word_1_14' title='bbox 916 566 1226 645; x_wconf 83' lang='lat' dir='ltr'>TenedoS,</span> <span class='ocrx_word' id='word_1_15' title='bbox 1276 566 1580 629; x_wconf 83' lang='lat' dir='ltr'>notissima</span> <span class='ocrx_word' id='word_1_16' title='bbox 1622 567 1782 628; x_wconf 80' lang='lat' dir='ltr'>sama</span> 
     </span>
     <span class='ocr_line' id='line_1_4' title="bbox 163 649 1866 732; baseline -0.004 -15"><span class='ocrx_word' id='word_1_17' title='bbox 163 654 368 730; x_wconf 79' lang='lat' dir='ltr'>Insula,</span> <span class='ocrx_word' id='word_1_18' title='bbox 393 651 575 717; x_wconf 60' lang='lat' dir='ltr'>„dives</span> <span class='ocrx_word' id='word_1_19' title='bbox 618 671 819 730; x_wconf 86' lang='lat' dir='ltr'>opum,</span> <span class='ocrx_word' id='word_1_20' title='bbox 864 649 1083 712; x_wconf 82' lang='lat' dir='ltr'>Priami</span> <span class='ocrx_word' id='word_1_21' title='bbox 1124 654 1258 712; x_wconf 82' lang='lat' dir='ltr'>dum</span> <span class='ocrx_word' id='word_1_22' title='bbox 1301 672 1486 732; x_wconf 80' lang='lat' dir='ltr'>regua</span> <span class='ocrx_word' id='word_1_23' title='bbox 1527 656 1866 731; x_wconf 80' lang='lat' dir='ltr'>manebant,</span> 
     </span>
     <span class='ocr_line' id='line_1_5' title="bbox 161 720 1724 803; baseline 0.001 -2"><span class='ocrx_word' id='word_1_24' title='bbox 161 741 309 802; x_wconf 87' lang='lat' dir='ltr'>Nunc</span> <span class='ocrx_word' id='word_1_25' title='bbox 350 747 565 798; x_wconf 81' lang='lat' dir='ltr'>tautum</span> <span class='ocrx_word' id='word_1_26' title='bbox 606 736 771 797; x_wconf 85' lang='lat' dir='ltr'>sinus</span> <span class='ocrx_word' id='word_1_27' title='bbox 807 745 874 797; x_wconf 82' lang='lat' dir='ltr'>et</span> <span class='ocrx_word' id='word_1_28' title='bbox 912 736 1090 798; x_wconf 80' lang='lat' dir='ltr'>statio</span> <span class='ocrx_word' id='word_1_29' title='bbox 1132 736 1282 798; x_wconf 84' lang='lat' dir='ltr'>male</span> <span class='ocrx_word' id='word_1_30' title='bbox 1322 737 1442 799; x_wconf 82' lang='lat' dir='ltr'>fida</span> <span class='ocrx_word' id='word_1_31' title='bbox 1482 720 1724 803; x_wconf 64' lang='lat' dir='ltr'>carinis..</span> 
     </span>
    </p>
   </div>
   <div class='ocr_carea' id='block_1_3' title="bbox 95 951 2507 4477">
    <p class='ocr_par' dir='ltr' id='par_1_4' title="bbox 95 951 2507 4477">
     <span class='ocr_line' id='line_1_6' title="bbox 159 951 2442 1032; baseline -0 -16"><span class='ocrx_word' id='word_1_32' title='bbox 159 957 522 1028; x_wconf 79' lang='lat' dir='ltr'>Hucgermen</span> <span class='ocrx_word' id='word_1_33' title='bbox 551 952 938 1010; x_wconf 72' lang='lat' dir='ltr'>includunt.“</span> <span class='ocrx_word' id='word_1_34' title='bbox 970 954 1112 1021; x_wconf 85' lang='lat' dir='ltr'>W.]</span> <span class='ocrx_word' id='word_1_35' title='bbox 1141 951 1438 1011; x_wconf 76' lang='lat' dir='ltr'>delecta</span> <span class='ocrx_word' id='word_1_36' title='bbox 1468 953 1811 1010; x_wconf 68' lang='lat' dir='ltr'>virorum</span> <span class='ocrx_word' id='word_1_37' title='bbox 1836 970 2138 1024; x_wconf 72' lang='lat' dir='ltr'>corpora</span> <span class='ocrx_word' id='word_1_38' title='bbox 2165 961 2442 1032; x_wconf 76' lang='lat' dir='ltr'>exquisite</span> 
     </span>
     <span class='ocr_line' id='line_1_7' title="bbox 159 1022 2441 1098; baseline 0.001 -17"><span class='ocrx_word' id='word_1_39' title='bbox 159 1047 246 1097; x_wconf 82' lang='lat' dir='ltr'>pro</span> <span class='ocrx_word' id='word_1_40' title='bbox 276 1026 424 1079; x_wconf 78' lang='lat' dir='ltr'>viros</span> <span class='ocrx_word' id='word_1_41' title='bbox 460 1023 737 1092; x_wconf 72' lang='lat' dir='ltr'>delectos3</span> <span class='ocrx_word' id='word_1_42' title='bbox 787 1023 898 1077; x_wconf 86' lang='lat' dir='ltr'>hoo</span> <span class='ocrx_word' id='word_1_43' title='bbox 944 1024 1096 1079; x_wconf 87' lang='lat' dir='ltr'>idem</span> <span class='ocrx_word' id='word_1_44' title='bbox 1142 1023 1481 1077; x_wconf 72' lang='lat' dir='ltr'>declar-alive</span> <span class='ocrx_word' id='word_1_45' title='bbox 1528 1024 1820 1077; x_wconf 82' lang='lat' dir='ltr'>exornavit</span> <span class='ocrx_word' id='word_1_46' title='bbox 1864 1023 1924 1076; x_wconf 91' lang='lat' dir='ltr'>in</span> <span class='ocrx_word' id='word_1_47' title='bbox 1961 1022 2062 1090; x_wconf 89' lang='lat' dir='ltr'>iis,</span> <span class='ocrx_word' id='word_1_48' title='bbox 2113 1043 2258 1098; x_wconf 86' lang='lat' dir='ltr'>quae</span> <span class='ocrx_word' id='word_1_49' title='bbox 2295 1031 2441 1084; x_wconf 87' lang='lat' dir='ltr'>sub-</span> 
     </span>
     <span class='ocr_line' id='line_1_8' title="bbox 157 1089 2441 1165; baseline 0 -14"><span class='ocrx_word' id='word_1_50' title='bbox 157 1096 287 1151; x_wconf 87' lang='lat' dir='ltr'>iicit:</span> <span class='ocrx_word' id='word_1_51' title='bbox 323 1091 669 1164; x_wconf 71' lang='lat' dir='ltr'><strong><em>penitusque</em></strong></span> <span class='ocrx_word' id='word_1_52' title='bbox 699 1121 769 1133; x_wconf 87' lang='lat'>—-</span> <span class='ocrx_word' id='word_1_53' title='bbox 816 1089 1115 1150; x_wconf 71' lang='lat' dir='ltr'>complent.</span> <span class='ocrx_word' id='word_1_54' title='bbox 1138 1090 1186 1119; x_wconf 90' lang='lat'><strong><em>“</em></strong></span> <span class='ocrx_word' id='word_1_55' title='bbox 1231 1092 1321 1147; x_wconf 87' lang='lat' dir='ltr'>H.</span> <span class='ocrx_word' id='word_1_56' title='bbox 1391 1096 1477 1145; x_wconf 88' lang='lat' dir='ltr'>De</span> <span class='ocrx_word' id='word_1_57' title='bbox 1532 1091 2025 1147; x_wconf 79' lang='lat' dir='ltr'>circumlocutione</span> <span class='ocrx_word' id='word_1_58' title='bbox 2070 1091 2088 1146; x_wconf 88' lang='lat' dir='ltr'>i</span> <span class='ocrx_word' id='word_1_59' title='bbox 2133 1093 2250 1149; x_wconf 88' lang='lat' dir='ltr'>sius</span> <span class='ocrx_word' id='word_1_60' title='bbox 2305 1115 2441 1165; x_wconf 84' lang='lat' dir='ltr'>per-</span> 
     </span>
     <span class='ocr_line' id='line_1_9' title="bbox 156 1159 2441 1229; baseline 0 -10"><span class='ocrx_word' id='word_1_61' title='bbox 156 1181 307 1220; x_wconf 87' lang='lat' dir='ltr'>sonae</span> <span class='ocrx_word' id='word_1_62' title='bbox 364 1177 463 1229; x_wconf 88' lang='lat' dir='ltr'>per</span> <span class='ocrx_word' id='word_1_63' title='bbox 524 1175 646 1212; x_wconf 79' lang='lat' dir='ltr'>voc.</span> <span class='ocrx_word' id='word_1_64' title='bbox 713 1159 980 1227; x_wconf 52' lang='lat' dir='ltr'>corporis</span> <span class='ocrx_word' id='word_1_65' title='bbox 1047 1161 1187 1212; x_wconf 82' lang='lat' dir='ltr'>sacta</span> <span class='ocrx_word' id='word_1_66' title='bbox 1247 1160 1365 1212; x_wconf 85' lang='lat' dir='ltr'>vid.</span> <span class='ocrx_word' id='word_1_67' title='bbox 1424 1163 1495 1214; x_wconf 90' lang='lat' dir='ltr'>ad</span> <span class='ocrx_word' id='word_1_68' title='bbox 1554 1161 1700 1213; x_wconf 83' lang='lat' dir='ltr'>Aen.</span> <span class='ocrx_word' id='word_1_69' title='bbox 1756 1163 1808 1227; x_wconf 90' lang='lat'>1,</span> <span class='ocrx_word' id='word_1_70' title='bbox 1863 1162 2011 1226; x_wconf 65' lang='lat'>193„</span> <span class='ocrx_word' id='word_1_71' title='bbox 2062 1178 2099 1213; x_wconf 88' lang='lat' dir='ltr'>u</span> <span class='ocrx_word' id='word_1_72' title='bbox 2147 1162 2167 1214; x_wconf 90' lang='lat' dir='ltr'>i</span> <span class='ocrx_word' id='word_1_73' title='bbox 2229 1164 2441 1221; x_wconf 82' lang='lat' dir='ltr'>addere</span> 
     </span>
     <span class='ocr_line' id='line_1_10' title="bbox 156 1226 2440 1298; baseline 0.001 -14"><span class='ocrx_word' id='word_1_74' title='bbox 156 1229 408 1287; x_wconf 87' lang='lat' dir='ltr'>debebam</span> <span class='ocrx_word' id='word_1_75' title='bbox 459 1226 602 1280; x_wconf 82' lang='lat' dir='ltr'>infra</span> <span class='ocrx_word' id='word_1_76' title='bbox 639 1228 745 1294; x_wconf 51' lang='lat' dir='ltr'>VI„</span> <span class='ocrx_word' id='word_1_77' title='bbox 794 1233 879 1279; x_wconf 88' lang='lat'>22.</span> <span class='ocrx_word' id='word_1_78' title='bbox 933 1237 1168 1297; x_wconf 78' lang='lat' dir='ltr'>septena</span> <span class='ocrx_word' id='word_1_79' title='bbox 1214 1244 1469 1298; x_wconf 81' lang='lat' dir='ltr'>corpora</span> <span class='ocrx_word' id='word_1_80' title='bbox 1515 1236 1804 1282; x_wconf 76' lang='lat' dir='ltr'>natorum.</span> <span class='ocrx_word' id='word_1_81' title='bbox 1886 1228 1977 1282; x_wconf 87' lang='lat' dir='ltr'>De</span> <span class='ocrx_word' id='word_1_82' title='bbox 2024 1230 2227 1283; x_wconf 88' lang='lat' dir='ltr'>eodem</span> <span class='ocrx_word' id='word_1_83' title='bbox 2262 1234 2440 1287; x_wconf 86' lang='lat' dir='ltr'>Grae-</span> 
     </span>
     <span class='ocr_line' id='line_1_11' title="bbox 95 1294 2437 1366; baseline 0 -12"><span class='ocrx_word' id='word_1_84' title='bbox 95 1301 99 1306; x_wconf 76' lang='grc'>’</span> <span class='ocrx_word' id='word_1_85' title='bbox 154 1316 325 1354; x_wconf 84' lang='lat' dir='ltr'>corum</span> <span class='ocrx_word' id='word_1_86' title='bbox 384 1313 490 1349; x_wconf 89' lang='lat' dir='ltr'>usu</span> <span class='ocrx_word' id='word_1_87' title='bbox 537 1295 608 1348; x_wconf 88' lang='lat' dir='ltr'>cf.</span> <span class='ocrx_word' id='word_1_88' title='bbox 658 1294 848 1347; x_wconf 87' lang='lat' dir='ltr'>Thiel.</span> <span class='ocrx_word' id='word_1_89' title='bbox 894 1297 963 1347; x_wconf 90' lang='lat' dir='ltr'>ad</span> <span class='ocrx_word' id='word_1_90' title='bbox 1025 1295 1083 1346; x_wconf 89' lang='lat' dir='ltr'>h.</span> <span class='ocrx_word' id='word_1_91' title='bbox 1134 1297 1205 1361; x_wconf 89' lang='lat' dir='ltr'>l.,</span> <span class='ocrx_word' id='word_1_92' title='bbox 1260 1296 1359 1366; x_wconf 87' lang='lat' dir='ltr'>qui</span> <span class='ocrx_word' id='word_1_93' title='bbox 1408 1296 1577 1349; x_wconf 87' lang='lat' dir='ltr'>etiam</span> <span class='ocrx_word' id='word_1_94' title='bbox 1630 1296 1876 1350; x_wconf 81' lang='lat' dir='ltr'>Gronov.</span> <span class='ocrx_word' id='word_1_95' title='bbox 1937 1294 2012 1349; x_wconf 84' lang='lat' dir='ltr'>ad</span> <span class='ocrx_word' id='word_1_96' title='bbox 2064 1298 2201 1351; x_wconf 83' lang='lat' dir='ltr'><strong>Stat.</strong></span> <span class='ocrx_word' id='word_1_97' title='bbox 2249 1300 2437 1355; x_wconf 83' lang='lat' dir='ltr'><strong>Theb.</strong></span> 
     </span>
     <span class='ocr_line' id='line_1_12' title="bbox 154 1361 2438 1434; baseline 0 -18"><span class='ocrx_word' id='word_1_98' title='bbox 154 1371 220 1434; x_wconf 84' lang='grc' dir='ltr'><strong>Π,</strong></span> <span class='ocrx_word' id='word_1_99' title='bbox 268 1370 349 1421; x_wconf 80' lang='grc'>83.</span> <span class='ocrx_word' id='word_1_100' title='bbox 420 1371 476 1416; x_wconf 91' lang='lat' dir='ltr'>et</span> <span class='ocrx_word' id='word_1_101' title='bbox 533 1379 658 1415; x_wconf 89' lang='lat' dir='ltr'>mea</span> <span class='ocrx_word' id='word_1_102' title='bbox 719 1365 790 1417; x_wconf 82' lang='lat' dir='ltr'>ad</span> <span class='ocrx_word' id='word_1_103' title='bbox 841 1363 1006 1415; x_wconf 89' lang='lat' dir='ltr'>Lucr.</span> <span class='ocrx_word' id='word_1_104' title='bbox 1056 1365 1133 1428; x_wconf 86' lang='lat'>11,</span> <span class='ocrx_word' id='word_1_105' title='bbox 1186 1365 1336 1415; x_wconf 84' lang='grc'><strong>1014.</strong></span> <span class='ocrx_word' id='word_1_106' title='bbox 1398 1361 1638 1417; x_wconf 78' lang='lat' dir='ltr'>conferri</span> <span class='ocrx_word' id='word_1_107' title='bbox 1700 1361 1877 1416; x_wconf 89' lang='lat' dir='ltr'>iubet.</span> <span class='ocrx_word' id='word_1_108' title='bbox 1925 1392 1995 1403; x_wconf 90' lang='grc'>--</span> <span class='ocrx_word' id='word_1_109' title='bbox 2079 1369 2162 1421; x_wconf 87' lang='grc'>19.</span> <span class='ocrx_word' id='word_1_110' title='bbox 2212 1383 2438 1425; x_wconf 77' lang='lat' dir='ltr'>caeco</span> 
     </span>
     <span class='ocr_line' id='line_1_13' title="bbox 148 1429 2441 1503; baseline 0.001 -15"><span class='ocrx_word' id='word_1_111' title='bbox 148 1432 405 1501; x_wconf 76' lang='lat' dir='ltr'>lateri,</span> <span class='ocrx_word' id='word_1_112' title='bbox 445 1430 485 1481; x_wconf 90' lang='lat' dir='ltr'>i.</span> <span class='ocrx_word' id='word_1_113' title='bbox 520 1450 570 1483; x_wconf 89' lang='lat' dir='ltr'>e.</span> <span class='ocrx_word' id='word_1_114' title='bbox 608 1435 879 1496; x_wconf 84' lang='lat' dir='ltr'>obscuro,</span> <span class='ocrx_word' id='word_1_115' title='bbox 914 1429 1243 1494; x_wconf 84' lang='lat' dir='ltr'>tenebroso,</span> <span class='ocrx_word' id='word_1_116' title='bbox 1283 1440 1431 1497; x_wconf 83' lang='lat' dir='ltr'>atro,</span> <span class='ocrx_word' id='word_1_117' title='bbox 1467 1435 1527 1484; x_wconf 86' lang='lat' dir='ltr'>in</span> <span class='ocrx_word' id='word_1_118' title='bbox 1562 1446 1676 1502; x_wconf 86' lang='lat' dir='ltr'>quo</span> <span class='ocrx_word' id='word_1_119' title='bbox 1710 1447 1879 1484; x_wconf 87' lang='lat' dir='ltr'>nemo</span> <span class='ocrx_word' id='word_1_120' title='bbox 1904 1430 2099 1485; x_wconf 79' lang='lat' dir='ltr'>videre</span> <span class='ocrx_word' id='word_1_121' title='bbox 2123 1443 2337 1503; x_wconf 79' lang='lat' dir='ltr'>potest,</span> <span class='ocrx_word' id='word_1_122' title='bbox 2379 1446 2441 1492; x_wconf 85' lang='lat' dir='ltr'>ut</span> 
     </span>
     <span class='ocr_line' id='line_1_14' title="bbox 151 1495 2435 1573; baseline 0.001 -18"><span class='ocrx_word' id='word_1_123' title='bbox 151 1502 401 1565; x_wconf 79' lang='lat' dir='ltr'>iustam,</span> <span class='ocrx_word' id='word_1_124' title='bbox 435 1502 522 1554; x_wconf 87' lang='grc'>87.</span> <span class='ocrx_word' id='word_1_125' title='bbox 570 1496 840 1551; x_wconf 71' lang='lat' dir='ltr'>tenebrae</span> <span class='ocrx_word' id='word_1_126' title='bbox 884 1514 1123 1563; x_wconf 80' lang='lat' dir='ltr'>caecae,</span> <span class='ocrx_word' id='word_1_127' title='bbox 1179 1496 1317 1550; x_wconf 87' lang='lat' dir='ltr'>ibid.</span> <span class='ocrx_word' id='word_1_128' title='bbox 1356 1503 1475 1551; x_wconf 87' lang='grc'><strong>203.</strong></span> <span class='ocrx_word' id='word_1_129' title='bbox 1523 1495 1712 1565; x_wconf 66' lang='lat' dir='ltr'>caligo</span> <span class='ocrx_word' id='word_1_130' title='bbox 1757 1496 1952 1558; x_wconf 66' lang='lat' dir='ltr'>daeca.</span> <span class='ocrx_word' id='word_1_131' title='bbox 2026 1498 2140 1552; x_wconf 87' lang='lat' dir='ltr'>Cic.</span> <span class='ocrx_word' id='word_1_132' title='bbox 2176 1502 2294 1556; x_wconf 88' lang='lat' dir='ltr'>Mil.</span> <span class='ocrx_word' id='word_1_133' title='bbox 2335 1508 2435 1573; x_wconf 89' lang='grc'>19,</span> 
     </span>
     <span class='ocr_line' id='line_1_15' title="bbox 154 1562 2438 1634; baseline 0.002 -10"><span class='ocrx_word' id='word_1_134' title='bbox 154 1574 223 1624; x_wconf 82' lang='lat'>50.</span> <span class='ocrx_word' id='word_1_135' title='bbox 256 1585 425 1623; x_wconf 79' lang='lat' dir='ltr'>caeca</span> <span class='ocrx_word' id='word_1_136' title='bbox 474 1583 623 1620; x_wconf 75' lang='lat' dir='ltr'>nox.</span> <span class='ocrx_word' id='word_1_137' title='bbox 717 1565 819 1618; x_wconf 90' lang='lat' dir='ltr'>Sil.</span> <span class='ocrx_word' id='word_1_138' title='bbox 845 1568 955 1629; x_wconf 86' lang='lat' dir='ltr'>xl,</span> <span class='ocrx_word' id='word_1_139' title='bbox 1004 1565 1123 1618; x_wconf 86' lang='grc'><strong>456.</strong></span> <span class='ocrx_word' id='word_1_140' title='bbox 1189 1564 1413 1634; x_wconf 80' lang='lat' dir='ltr'>Chaos,</span> <span class='ocrx_word' id='word_1_141' title='bbox 1462 1583 1637 1621; x_wconf 76' lang='lat' dir='ltr'>caeca</span> <span class='ocrx_word' id='word_1_142' title='bbox 1690 1562 1816 1618; x_wconf 81' lang='lat' dir='ltr'>sine</span> <span class='ocrx_word' id='word_1_143' title='bbox 1863 1565 2057 1621; x_wconf 76' lang='lat' dir='ltr'>sidere</span> <span class='ocrx_word' id='word_1_144' title='bbox 2105 1565 2281 1622; x_wconf 85' lang='lat' dir='ltr'>moles</span> <span class='ocrx_word' id='word_1_145' title='bbox 2331 1583 2438 1628; x_wconf 88' lang='lat' dir='ltr'>etc.</span> 
     </span>
     <span class='ocr_line' id='line_1_16' title="bbox 152 1631 2436 1707; baseline 0.002 -18"><span class='ocrx_word' id='word_1_146' title='bbox 152 1637 220 1690; x_wconf 85' lang='lat' dir='ltr'>Cs.</span> <span class='ocrx_word' id='word_1_147' title='bbox 254 1638 413 1689; x_wconf 89' lang='lat' dir='ltr'>etiam</span> <span class='ocrx_word' id='word_1_148' title='bbox 451 1651 597 1707; x_wconf 86' lang='lat' dir='ltr'>quae</span> <span class='ocrx_word' id='word_1_149' title='bbox 634 1633 705 1685; x_wconf 92' lang='lat' dir='ltr'>de</span> <span class='ocrx_word' id='word_1_150' title='bbox 739 1641 970 1702; x_wconf 85' lang='lat' dir='ltr'>cognata</span> <span class='ocrx_word' id='word_1_151' title='bbox 1008 1631 1196 1703; x_wconf 82' lang='lat' dir='ltr'>signis.</span> <span class='ocrx_word' id='word_1_152' title='bbox 1236 1633 1307 1685; x_wconf 91' lang='lat' dir='ltr'>ad</span> <span class='ocrx_word' id='word_1_153' title='bbox 1343 1634 1488 1686; x_wconf 85' lang='lat' dir='ltr'>Aen.</span> <span class='ocrx_word' id='word_1_154' title='bbox 1520 1637 1572 1700; x_wconf 95' lang='grc' dir='ltr'><strong>Ι,</strong></span> <span class='ocrx_word' id='word_1_155' title='bbox 1609 1631 1727 1688; x_wconf 86' lang='grc'><strong>356.</strong></span> <span class='ocrx_word' id='word_1_156' title='bbox 1778 1642 1832 1685; x_wconf 90' lang='lat' dir='ltr'>et</span> <span class='ocrx_word' id='word_1_157' title='bbox 1865 1635 1984 1687; x_wconf 79' lang='lat'>536.</span> <span class='ocrx_word' id='word_1_158' title='bbox 2024 1634 2436 1695; x_wconf 83' lang='lat' dir='ltr'>adnotavimus.</span> 
     </span>
     <span class='ocr_line' id='line_1_17' title="bbox 151 1698 2434 1772; baseline 0.003 -16"><span class='ocrx_word' id='word_1_159' title='bbox 151 1706 388 1758; x_wconf 81' lang='lat' dir='ltr'>Ceterum</span> <span class='ocrx_word' id='word_1_160' title='bbox 481 1700 736 1756; x_wconf 74' lang='lat' dir='ltr'>aniius</span> <span class='ocrx_word' id='word_1_161' title='bbox 772 1698 1143 1769; x_wconf 78' lang='lat' dir='ltr'>complent</span> <span class='ocrx_word' id='word_1_162' title='bbox 1174 1699 1662 1771; x_wconf 70' lang='lat' dir='ltr'>coniungentium,</span> <span class='ocrx_word' id='word_1_163' title='bbox 1714 1699 1998 1770; x_wconf 82' lang='lat' dir='ltr'>complere</span> <span class='ocrx_word' id='word_1_164' title='bbox 2031 1713 2217 1757; x_wconf 87' lang='lat' dir='ltr'>autem</span> <span class='ocrx_word' id='word_1_165' title='bbox 2256 1710 2434 1772; x_wconf 80' lang='lat' dir='ltr'>(aus-</span> 
     </span>
     <span class='ocr_line' id='line_1_18' title="bbox 141 1721 2437 1843; baseline -0.001 -17"><span class='ocrx_word' id='word_1_166' title='bbox 141 1771 356 1843; x_wconf 76' lang='lat' dir='ltr'>fiillen)</span> <span class='ocrx_word' id='word_1_167' title='bbox 412 1721 609 1823; x_wconf 42' lang='lat' dir='ltr'>fortius</span> <span class='ocrx_word' id='word_1_168' title='bbox 661 1786 783 1822; x_wconf 86' lang='lat' dir='ltr'>esse</span> <span class='ocrx_word' id='word_1_169' title='bbox 834 1785 998 1839; x_wconf 86' lang='lat' dir='ltr'>quam</span> <span class='ocrx_word' id='word_1_170' title='bbox 1048 1766 1285 1836; x_wconf 74' lang='lat' dir='ltr'>implere</span> <span class='ocrx_word' id='word_1_171' title='bbox 1341 1762 1723 1837; x_wconf 68' lang='lat' dir='ltr'>(anfilllen),</span> <span class='ocrx_word' id='word_1_172' title='bbox 1779 1768 1966 1821; x_wconf 86' lang='lat' dir='ltr'>Thiel.</span> <span class='ocrx_word' id='word_1_173' title='bbox 2005 1770 2199 1838; x_wconf 89' lang='lat' dir='ltr'>docet,</span> <span class='ocrx_word' id='word_1_174' title='bbox 2264 1775 2437 1829; x_wconf 78' lang='lat' dir='ltr'>simul</span> 
     </span>
     <span class='ocr_line' id='line_1_19' title="bbox 146 1835 2436 1905; baseline 0.001 -10"><span class='ocrx_word' id='word_1_175' title='bbox 146 1855 605 1903; x_wconf 86' lang='lat' dir='ltr'>commemorans,</span> <span class='ocrx_word' id='word_1_176' title='bbox 637 1835 935 1904; x_wconf 81' lang='lat' dir='ltr'>Virgilium</span> <span class='ocrx_word' id='word_1_177' title='bbox 963 1851 1089 1887; x_wconf 87' lang='lat' dir='ltr'>cum</span> <span class='ocrx_word' id='word_1_178' title='bbox 1122 1836 1379 1889; x_wconf 82' lang='lat' dir='ltr'>Lucretio</span> <span class='ocrx_word' id='word_1_179' title='bbox 1412 1835 1686 1905; x_wconf 81' lang='lat' dir='ltr'>imprimis</span> <span class='ocrx_word' id='word_1_180' title='bbox 1714 1850 1899 1889; x_wconf 80' lang='lat' dir='ltr'>amare</span> <span class='ocrx_word' id='word_1_181' title='bbox 1927 1836 2037 1890; x_wconf 84' lang='lat' dir='ltr'>hoc</span> <span class='ocrx_word' id='word_1_182' title='bbox 2071 1837 2436 1897; x_wconf 86' lang='lat' dir='ltr'>vocabulum.</span> 
     </span>
     <span class='ocr_line' id='line_1_20' title="bbox 150 1895 2434 1978; baseline 0.002 -19"><span class='ocrx_word' id='word_1_183' title='bbox 150 1910 429 1975; x_wconf 85' lang='lat' dir='ltr'>„Fuerunt</span> <span class='ocrx_word' id='word_1_184' title='bbox 467 1914 652 1958; x_wconf 87' lang='lat' dir='ltr'>autem</span> <span class='ocrx_word' id='word_1_185' title='bbox 687 1902 898 1970; x_wconf 81' lang='lat' dir='ltr'>Ulyssis</span> <span class='ocrx_word' id='word_1_186' title='bbox 950 1902 1277 1976; x_wconf 75' lang='lat' dir='ltr'>praecipuae</span> <span class='ocrx_word' id='word_1_187' title='bbox 1314 1921 1377 1956; x_wconf 86' lang='lat' dir='ltr'>ea</span> <span class='ocrx_word' id='word_1_188' title='bbox 1412 1895 1485 1956; x_wconf 67' lang='lat' dir='ltr'>in&#39;</span> <span class='ocrx_word' id='word_1_189' title='bbox 1510 1922 1570 1957; x_wconf 88' lang='lat' dir='ltr'>re</span> <span class='ocrx_word' id='word_1_190' title='bbox 1607 1911 1807 1974; x_wconf 80' lang='lat' dir='ltr'>partes.</span> <span class='ocrx_word' id='word_1_191' title='bbox 1881 1904 2006 1957; x_wconf 83' lang='lat' dir='ltr'>Vid.</span> <span class='ocrx_word' id='word_1_192' title='bbox 2044 1906 2246 1974; x_wconf 80' lang='lat' dir='ltr'>Odyss.</span> <span class='ocrx_word' id='word_1_193' title='bbox 2277 1912 2434 1978; x_wconf 85' lang='lat' dir='ltr'>Vm,</span> 
     </span>
     <span class='ocr_line' id='line_1_21' title="bbox 148 1968 2431 2047; baseline 0.001 -20"><span class='ocrx_word' id='word_1_194' title='bbox 148 1975 243 2030; x_wconf 54' lang='lat'>494</span> <span class='ocrx_word' id='word_1_195' title='bbox 275 1972 330 2028; x_wconf 63' lang='grc' dir='ltr'>ἓν</span> <span class='ocrx_word' id='word_1_196' title='bbox 369 1971 483 2026; x_wconf 69' lang='grc' dir='ltr'>ποτ’·</span> <span class='ocrx_word' id='word_1_197' title='bbox 530 1973 575 2033; x_wconf 81' lang='grc' dir='ltr'>ἐς</span> <span class='ocrx_word' id='word_1_198' title='bbox 617 1969 876 2042; x_wconf 44' lang='lat' dir='ltr'>dubia-oliv</span> <span class='ocrx_word' id='word_1_199' title='bbox 921 1973 1055 2022; x_wconf 75' lang='grc' dir='ltr'>δόλον</span> <span class='ocrx_word' id='word_1_200' title='bbox 1101 1968 1270 2041; x_wconf 63' lang='grc' dir='ltr'>ἤγαγε</span> <span class='ocrx_word' id='word_1_201' title='bbox 1312 1974 1408 2032; x_wconf 70' lang='grc' dir='ltr'>δῖος</span> <span class='ocrx_word' id='word_1_202' title='bbox 1448 1969 1747 2038; x_wconf 62' lang='grc' dir='ltr'><strong>Ὀδυσσεύς,</strong></span> <span class='ocrx_word' id='word_1_203' title='bbox 1799 1971 2014 2041; x_wconf 51' lang='lat' dir='ltr'>duffii,</span> <span class='ocrx_word' id='word_1_204' title='bbox 2066 1973 2122 2027; x_wconf 83' lang='lat' dir='ltr'>h.</span> <span class='ocrx_word' id='word_1_205' title='bbox 2162 1993 2211 2027; x_wconf 80' lang='lat' dir='ltr'>e.</span> <span class='ocrx_word' id='word_1_206' title='bbox 2240 1979 2431 2047; x_wconf 61' lang='lat' dir='ltr'>fecit,</span> 
     </span>
     <span class='ocr_line' id='line_1_22' title="bbox 148 2039 2435 2115; baseline 0 -19"><span class='ocrx_word' id='word_1_207' title='bbox 148 2053 201 2096; x_wconf 72' lang='lat' dir='ltr'>nt</span> <span class='ocrx_word' id='word_1_208' title='bbox 229 2045 539 2097; x_wconf 77' lang='lat' dir='ltr'>duceretur</span> <span class='ocrx_word' id='word_1_209' title='bbox 569 2039 633 2092; x_wconf 68' lang='lat' dir='ltr'>in</span> <span class='ocrx_word' id='word_1_210' title='bbox 672 2055 882 2093; x_wconf 76' lang='lat' dir='ltr'>arcem.</span> <span class='ocrx_word' id='word_1_211' title='bbox 957 2040 1025 2090; x_wconf 87' lang='lat' dir='ltr'>Et</span> <span class='ocrx_word' id='word_1_212' title='bbox 1059 2039 1139 2092; x_wconf 92' lang='lat' dir='ltr'>sic</span> <span class='ocrx_word' id='word_1_213' title='bbox 1176 2040 1377 2105; x_wconf 86' lang='lat' dir='ltr'>ceteri,</span> <span class='ocrx_word' id='word_1_214' title='bbox 1416 2050 1478 2092; x_wconf 88' lang='lat' dir='ltr'>ut</span> <span class='ocrx_word' id='word_1_215' title='bbox 1511 2041 1752 2111; x_wconf 83' lang='lat' dir='ltr'>Quintus</span> <span class='ocrx_word' id='word_1_216' title='bbox 1786 2044 1919 2106; x_wconf 80' lang='grc' dir='ltr'><strong>ΧΠ,</strong></span> <span class='ocrx_word' id='word_1_217' title='bbox 1961 2047 2048 2094; x_wconf 87' lang='grc'>22.</span> <span class='ocrx_word' id='word_1_218' title='bbox 2082 2060 2242 2115; x_wconf 83' lang='lat' dir='ltr'>sqq.,</span> <span class='ocrx_word' id='word_1_219' title='bbox 2282 2046 2435 2113; x_wconf 85' lang='lat' dir='ltr'>apud</span> 
     </span>
     <span class='ocr_line' id='line_1_23' title="bbox 147 2106 2433 2189; baseline 0.002 -26"><span class='ocrx_word' id='word_1_220' title='bbox 147 2129 290 2189; x_wconf 83' lang='lat' dir='ltr'>quem</span> <span class='ocrx_word' id='word_1_221' title='bbox 337 2108 573 2162; x_wconf 82' lang='lat' dir='ltr'>Calchas</span> <span class='ocrx_word' id='word_1_222' title='bbox 616 2117 767 2159; x_wconf 84' lang='lat' dir='ltr'>vates</span> <span class='ocrx_word' id='word_1_223' title='bbox 818 2106 1029 2175; x_wconf 86' lang='lat' dir='ltr'>primus</span> <span class='ocrx_word' id='word_1_224' title='bbox 1077 2106 1289 2160; x_wconf 80' lang='lat' dir='ltr'>fraudis</span> <span class='ocrx_word' id='word_1_225' title='bbox 1338 2117 1529 2160; x_wconf 81' lang='lat' dir='ltr'>auctor</span> <span class='ocrx_word' id='word_1_226' title='bbox 1580 2119 1693 2173; x_wconf 89' lang='lat' dir='ltr'>est,</span> <span class='ocrx_word' id='word_1_227' title='bbox 1755 2108 1989 2162; x_wconf 89' lang='lat' dir='ltr'>modum</span> <span class='ocrx_word' id='word_1_228' title='bbox 2053 2119 2110 2162; x_wconf 90' lang='lat' dir='ltr'>et</span> <span class='ocrx_word' id='word_1_229' title='bbox 2155 2110 2433 2168; x_wconf 85' lang='lat' dir='ltr'>rationem</span> 
     </span>
     <span class='ocr_line' id='line_1_24' title="bbox 147 2172 2435 2248; baseline 0.002 -19"><span class='ocrx_word' id='word_1_230' title='bbox 147 2179 330 2232; x_wconf 79' lang='lat' dir='ltr'>itandis</span> <span class='ocrx_word' id='word_1_231' title='bbox 362 2179 563 2245; x_wconf 83' lang='lat' dir='ltr'>Ulysse</span> <span class='ocrx_word' id='word_1_232' title='bbox 616 2173 985 2237; x_wconf 80' lang='lat' dir='ltr'>subiiciente3</span> <span class='ocrx_word' id='word_1_233' title='bbox 1036 2182 1091 2225; x_wconf 84' lang='lat' dir='ltr'>at</span> <span class='ocrx_word' id='word_1_234' title='bbox 1138 2192 1225 2242; x_wconf 92' lang='lat' dir='ltr'>ap.</span> <span class='ocrx_word' id='word_1_235' title='bbox 1267 2172 1627 2243; x_wconf 73' lang='lat' dir='ltr'>Thryphiod.</span> <span class='ocrx_word' id='word_1_236' title='bbox 1653 2176 1739 2229; x_wconf 82' lang='lat'>44.</span> <span class='ocrx_word' id='word_1_237' title='bbox 1774 2192 1900 2248; x_wconf 82' lang='lat' dir='ltr'>sqq.</span> <span class='ocrx_word' id='word_1_238' title='bbox 1970 2178 2222 2231; x_wconf 79' lang='lat' dir='ltr'><strong>Helenus</strong></span> <span class='ocrx_word' id='word_1_239' title='bbox 2260 2180 2435 2233; x_wconf 81' lang='lat' dir='ltr'>Troia</span> 
     </span>
     <span class='ocr_line' id='line_1_25' title="bbox 145 2239 2435 2316; baseline 0.001 -18"><span class='ocrx_word' id='word_1_240' title='bbox 145 2246 403 2316; x_wconf 83' lang='lat' dir='ltr'>profugus.</span> <span class='ocrx_word' id='word_1_241' title='bbox 473 2245 735 2315; x_wconf 80' lang='lat' dir='ltr'>Denique</span> <span class='ocrx_word' id='word_1_242' title='bbox 760 2239 1091 2294; x_wconf 74' lang='lat' dir='ltr'>observasse</span> <span class='ocrx_word' id='word_1_243' title='bbox 1116 2259 1232 2294; x_wconf 87' lang='lat' dir='ltr'>non</span> <span class='ocrx_word' id='word_1_244' title='bbox 1259 2242 1572 2310; x_wconf 83' lang='lat' dir='ltr'>poeniteat,</span> <span class='ocrx_word' id='word_1_245' title='bbox 1609 2262 1775 2315; x_wconf 86' lang='lat' dir='ltr'>quam</span> <span class='ocrx_word' id='word_1_246' title='bbox 1805 2252 1998 2296; x_wconf 85' lang='lat' dir='ltr'>ornate</span> <span class='ocrx_word' id='word_1_247' title='bbox 2026 2245 2189 2313; x_wconf 67' lang='lat' dir='ltr'>poeta</span> <span class='ocrx_word' id='word_1_248' title='bbox 2220 2262 2435 2316; x_wconf 87' lang='lat' dir='ltr'>equum</span> 
     </span>
     <span class='ocr_line' id='line_1_26' title="bbox 149 2308 2429 2383; baseline 0 -17"><span class='ocrx_word' id='word_1_249' title='bbox 149 2310 526 2382; x_wconf 79' lang='lat' dir='ltr'>designaverit,</span> <span class='ocrx_word' id='word_1_250' title='bbox 566 2312 800 2381; x_wconf 86' lang='lat' dir='ltr'>eiusque</span> <span class='ocrx_word' id='word_1_251' title='bbox 839 2308 1131 2362; x_wconf 85' lang='lat' dir='ltr'>notionem</span> <span class='ocrx_word' id='word_1_252' title='bbox 1166 2327 1334 2380; x_wconf 85' lang='lat' dir='ltr'>quam</span> <span class='ocrx_word' id='word_1_253' title='bbox 1365 2308 1599 2362; x_wconf 86' lang='lat' dir='ltr'>mirifice</span> <span class='ocrx_word' id='word_1_254' title='bbox 1634 2309 1963 2376; x_wconf 76' lang='lat' dir='ltr'>variaverit3</span> <span class='ocrx_word' id='word_1_255' title='bbox 1996 2320 2058 2364; x_wconf 87' lang='lat' dir='ltr'>ut</span> <span class='ocrx_word' id='word_1_256' title='bbox 2090 2329 2429 2383; x_wconf 75' lang='lat' dir='ltr'>cavernam,</span> 
     </span>
     <span class='ocr_line' id='line_1_27' title="bbox 148 2375 2434 2448; baseline 0.001 -15"><span class='ocrx_word' id='word_1_257' title='bbox 148 2390 381 2448; x_wconf 73' lang='lat' dir='ltr'>uterum,</span> <span class='ocrx_word' id='word_1_258' title='bbox 435 2377 732 2444; x_wconf 80' lang='lat' dir='ltr'>latebras,</span> <span class='ocrx_word' id='word_1_259' title='bbox 790 2375 1434 2447; x_wconf 66' lang='lat' dir='ltr'>curvamcompagibus</span> <span class='ocrx_word' id='word_1_260' title='bbox 1468 2375 1698 2446; x_wconf 80' lang='lat' dir='ltr'>alvum,</span> <span class='ocrx_word' id='word_1_261' title='bbox 1750 2388 1807 2431; x_wconf 88' lang='lat' dir='ltr'>et</span> <span class='ocrx_word' id='word_1_262' title='bbox 1841 2376 1922 2432; x_wconf 77' lang='lat' dir='ltr'>sic</span> <span class='ocrx_word' id='word_1_263' title='bbox 1953 2395 2140 2447; x_wconf 82' lang='lat' dir='ltr'>por-ro.</span> <span class='ocrx_word' id='word_1_264' title='bbox 2161 2380 2198 2407; x_wconf 77' lang='lat'>‘⁴</span> <span class='ocrx_word' id='word_1_265' title='bbox 2232 2379 2320 2435; x_wconf 88' lang='lat' dir='ltr'>H.</span> <span class='ocrx_word' id='word_1_266' title='bbox 2363 2412 2434 2424; x_wconf 92' lang='lat'>—-</span> 
     </span>
     <span class='ocr_line' id='line_1_28' title="bbox 145 2444 2430 2525; baseline 0.001 -24"><span class='ocrx_word' id='word_1_267' title='bbox 145 2453 371 2502; x_wconf 83' lang='lat'><strong>21—23.</strong></span> <span class='ocrx_word' id='word_1_268' title='bbox 410 2446 833 2514; x_wconf 78' lang='lat' dir='ltr'>„Tenedos</span> <span class='ocrx_word' id='word_1_269' title='bbox 881 2444 1098 2510; x_wconf 88' lang='lat' dir='ltr'>insula,</span> <span class='ocrx_word' id='word_1_270' title='bbox 1152 2445 1287 2499; x_wconf 89' lang='lat' dir='ltr'>olim</span> <span class='ocrx_word' id='word_1_271' title='bbox 1338 2444 1751 2525; x_wconf 69' lang='lat' dir='ltr'>Leucophrys,</span> <span class='ocrx_word' id='word_1_272' title='bbox 1801 2461 1933 2517; x_wconf 86' lang='lat' dir='ltr'>agro</span> <span class='ocrx_word' id='word_1_273' title='bbox 1971 2447 2217 2501; x_wconf 85' lang='lat' dir='ltr'>Troiano</span> <span class='ocrx_word' id='word_1_274' title='bbox 2262 2466 2430 2519; x_wconf 86' lang='lat' dir='ltr'>prae-</span> 
     </span>
     <span class='ocr_line' id='line_1_29' title="bbox 145 2511 2427 2584; baseline -0.002 -15"><span class='ocrx_word' id='word_1_275' title='bbox 145 2526 302 2579; x_wconf 84' lang='lat' dir='ltr'>tenta,</span> <span class='ocrx_word' id='word_1_276' title='bbox 339 2519 440 2567; x_wconf 90' lang='lat' dir='ltr'>XL</span> <span class='ocrx_word' id='word_1_277' title='bbox 490 2514 688 2568; x_wconf 85' lang='lat' dir='ltr'>stadiis</span> <span class='ocrx_word' id='word_1_278' title='bbox 732 2531 762 2564; x_wconf 90' lang='lat' dir='ltr'>a</span> <span class='ocrx_word' id='word_1_279' title='bbox 798 2513 1121 2565; x_wconf 79' lang='lat' dir='ltr'>continente</span> <span class='ocrx_word' id='word_1_280' title='bbox 1169 2511 1346 2568; x_wconf 84' lang='lat' dir='ltr'>abest.</span> <span class='ocrx_word' id='word_1_281' title='bbox 1424 2513 1594 2577; x_wconf 70' lang='lat' dir='ltr'>[vid.</span> <span class='ocrx_word' id='word_1_282' title='bbox 1644 2513 1824 2568; x_wconf 83' lang='lat' dir='ltr'>Strab.</span> <span class='ocrx_word' id='word_1_283' title='bbox 1854 2516 1996 2566; x_wconf 84' lang='lat' dir='ltr'>xm.</span> <span class='ocrx_word' id='word_1_284' title='bbox 2033 2520 2248 2584; x_wconf 55' lang='grc'><strong>9.,900.</strong></span> <span class='ocrx_word' id='word_1_285' title='bbox 2303 2517 2427 2573; x_wconf 76' lang='lat' dir='ltr'>Cas.</span> 
     </span>
     <span class='ocr_line' id='line_1_30' title="bbox 145 2581 2434 2649; baseline 0.002 -12"><span class='ocrx_word' id='word_1_286' title='bbox 145 2583 264 2637; x_wconf 86' lang='lat' dir='ltr'>Plin.</span> <span class='ocrx_word' id='word_1_287' title='bbox 290 2585 373 2649; x_wconf 93' lang='lat' dir='ltr'>V,</span> <span class='ocrx_word' id='word_1_288' title='bbox 411 2588 509 2648; x_wconf 84' lang='lat'>31,</span> <span class='ocrx_word' id='word_1_289' title='bbox 553 2586 636 2637; x_wconf 80' lang='lat'>39.</span> <span class='ocrx_word' id='word_1_290' title='bbox 673 2582 821 2633; x_wconf 88' lang='lat' dir='ltr'>Mela</span> <span class='ocrx_word' id='word_1_291' title='bbox 850 2584 926 2646; x_wconf 83' lang='lat'>11,</span> <span class='ocrx_word' id='word_1_292' title='bbox 967 2586 1019 2634; x_wconf 95' lang='lat'>7.</span> <span class='ocrx_word' id='word_1_293' title='bbox 1059 2582 1271 2634; x_wconf 84' lang='lat' dir='ltr'>Herod.</span> <span class='ocrx_word' id='word_1_294' title='bbox 1303 2583 1359 2647; x_wconf 87' lang='grc' dir='ltr'><strong>Ι,</strong></span> <span class='ocrx_word' id='word_1_295' title='bbox 1401 2584 1519 2634; x_wconf 87' lang='grc'><strong>151.</strong></span> <span class='ocrx_word' id='word_1_296' title='bbox 1557 2581 1675 2634; x_wconf 81' lang='lat' dir='ltr'>alii.</span> <span class='ocrx_word' id='word_1_297' title='bbox 1744 2585 1903 2647; x_wconf 73' lang='lat' dir='ltr'>Nunc</span> <span class='ocrx_word' id='word_1_298' title='bbox 1937 2584 2030 2637; x_wconf 83' lang='lat' dir='ltr'>vel</span> <span class='ocrx_word' id='word_1_299' title='bbox 2066 2584 2301 2640; x_wconf 87' lang='lat' dir='ltr'>Tenedo</span> <span class='ocrx_word' id='word_1_300' title='bbox 2333 2590 2434 2641; x_wconf 73' lang='lat' dir='ltr'>vel</span> 
     </span>
     <span class='ocr_line' id='line_1_31' title="bbox 143 2647 2453 2722; baseline 0.002 -18"><span class='ocrx_word' id='word_1_301' title='bbox 143 2652 325 2722; x_wconf 83' lang='lat' dir='ltr'>Bozgia</span> <span class='ocrx_word' id='word_1_302' title='bbox 368 2661 619 2705; x_wconf 65' lang='lat' dir='ltr'>vocatur.</span> <span class='ocrx_word' id='word_1_303' title='bbox 688 2652 775 2700; x_wconf 92' lang='lat' dir='ltr'>De</span> <span class='ocrx_word' id='word_1_304' title='bbox 822 2664 1016 2718; x_wconf 85' lang='lat' dir='ltr'>graeca</span> <span class='ocrx_word' id='word_1_305' title='bbox 1064 2648 1332 2702; x_wconf 84' lang='lat' dir='ltr'>nominis</span> <span class='ocrx_word' id='word_1_306' title='bbox 1364 2648 1757 2703; x_wconf 78' lang='lat' dir='ltr'>terminatione</span> <span class='ocrx_word' id='word_1_307' title='bbox 1804 2647 1876 2704; x_wconf 69' lang='lat' dir='ltr'>cf.</span> <span class='ocrx_word' id='word_1_308' title='bbox 1925 2649 2135 2704; x_wconf 88' lang='lat' dir='ltr'>adnott.</span> <span class='ocrx_word' id='word_1_309' title='bbox 2186 2652 2257 2704; x_wconf 87' lang='lat' dir='ltr'>ad</span> <span class='ocrx_word' id='word_1_310' title='bbox 2307 2655 2453 2708; x_wconf 69' lang='lat' dir='ltr'>Ecl-</span> 
     </span>
     <span class='ocr_line' id='line_1_32' title="bbox 144 2716 2429 2790; baseline 0.002 -18"><span class='ocrx_word' id='word_1_311' title='bbox 144 2721 233 2784; x_wconf 82' lang='lat' dir='ltr'>Vl,</span> <span class='ocrx_word' id='word_1_312' title='bbox 271 2719 371 2785; x_wconf 84' lang='lat'>13.]</span> <span class='ocrx_word' id='word_1_313' title='bbox 408 2748 477 2759; x_wconf 90' lang='lat'>—-</span> <span class='ocrx_word' id='word_1_314' title='bbox 513 2716 725 2770; x_wconf 68' lang='lat' dir='ltr'>dives</span> <span class='ocrx_word' id='word_1_315' title='bbox 761 2733 971 2784; x_wconf 80' lang='lat' dir='ltr'>opum</span> <span class='ocrx_word' id='word_1_316' title='bbox 1006 2726 1231 2786; x_wconf 79' lang='lat' dir='ltr'>propter</span> <span class='ocrx_word' id='word_1_317' title='bbox 1269 2717 1582 2770; x_wconf 84' lang='lat' dir='ltr'>incolarum</span> <span class='ocrx_word' id='word_1_318' title='bbox 1616 2717 1871 2782; x_wconf 65' lang='lat' dir='ltr'>divitias}</span> <span class='ocrx_word' id='word_1_319' title='bbox 1908 2717 2018 2771; x_wconf 90' lang='lat' dir='ltr'>nisi</span> <span class='ocrx_word' id='word_1_320' title='bbox 2052 2718 2120 2770; x_wconf 90' lang='lat' dir='ltr'>ad</span> <span class='ocrx_word' id='word_1_321' title='bbox 2152 2723 2429 2790; x_wconf 81' lang='lat' dir='ltr'>templum</span> 
     </span>
     <span class='ocr_line' id='line_1_33' title="bbox 143 2784 2427 2856; baseline 0.002 -18"><span class='ocrx_word' id='word_1_322' title='bbox 143 2788 360 2840; x_wconf 82' lang='lat' dir='ltr'>maxime</span> <span class='ocrx_word' id='word_1_323' title='bbox 391 2786 676 2855; x_wconf 79' lang='lat' dir='ltr'>Apollinis</span> <span class='ocrx_word' id='word_1_324' title='bbox 712 2784 987 2836; x_wconf 84' lang='lat' dir='ltr'>Sminthei</span> <span class='ocrx_word' id='word_1_325' title='bbox 1034 2784 1287 2852; x_wconf 84' lang='lat' dir='ltr'>respicit,</span> <span class='ocrx_word' id='word_1_326' title='bbox 1342 2787 1494 2856; x_wconf 86' lang='lat' dir='ltr'>quod</span> <span class='ocrx_word' id='word_1_327' title='bbox 1541 2784 1603 2837; x_wconf 89' lang='lat' dir='ltr'>in</span> <span class='ocrx_word' id='word_1_328' title='bbox 1654 2784 1840 2839; x_wconf 87' lang='lat' dir='ltr'>insula</span> <span class='ocrx_word' id='word_1_329' title='bbox 1887 2786 2032 2852; x_wconf 86' lang='lat' dir='ltr'>erat,</span> <span class='ocrx_word' id='word_1_330' title='bbox 2067 2786 2225 2840; x_wconf 85' lang='lat' dir='ltr'>Iliad.</span> <span class='ocrx_word' id='word_1_331' title='bbox 2250 2792 2304 2852; x_wconf 93' lang='lat'>1,</span> <span class='ocrx_word' id='word_1_332' title='bbox 2341 2792 2427 2845; x_wconf 85' lang='lat'>38.</span> 
     </span>
     <span class='ocr_line' id='line_1_34' title="bbox 146 2850 2430 2923; baseline 0.002 -17"><span class='ocrx_word' id='word_1_333' title='bbox 146 2855 366 2922; x_wconf 86' lang='lat' dir='ltr'>Eodem,</span> <span class='ocrx_word' id='word_1_334' title='bbox 457 2854 574 2907; x_wconf 90' lang='lat' dir='ltr'>uod</span> <span class='ocrx_word' id='word_1_335' title='bbox 622 2850 1088 2906; x_wconf 73' lang='lat' dir='ltr'>notissimam</span> <span class='ocrx_word' id='word_1_336' title='bbox 1137 2852 1612 2922; x_wconf 76' lang='lat' dir='ltr'>(famupo‘e’tice</span> <span class='ocrx_word' id='word_1_337' title='bbox 1664 2853 1866 2917; x_wconf 90' lang='lat' dir='ltr'>ornat)</span> <span class='ocrx_word' id='word_1_338' title='bbox 1911 2864 2101 2920; x_wconf 85' lang='lat' dir='ltr'>vocat,</span> <span class='ocrx_word' id='word_1_339' title='bbox 2151 2857 2430 2923; x_wconf 84' lang='lat' dir='ltr'>pertinere</span> 
     </span>
     <span class='ocr_line' id='line_1_35' title="bbox 144 2872 2429 3003; baseline 0.001 -29"><span class='ocrx_word' id='word_1_340' title='bbox 144 2932 274 3003; x_wconf 83' lang='lat' dir='ltr'>puto.</span> <span class='ocrx_word' id='word_1_341' title='bbox 358 2872 626 2988; x_wconf 57' lang='lat' dir='ltr'>[,:³Multa</span> <span class='ocrx_word' id='word_1_342' title='bbox 671 2919 830 3001; x_wconf 72' lang='lat' dir='ltr'>loqui</span> <span class='ocrx_word' id='word_1_343' title='bbox 877 2919 1008 2972; x_wconf 84' lang='lat' dir='ltr'>facit</span> <span class='ocrx_word' id='word_1_344' title='bbox 1053 2920 1314 2973; x_wconf 85' lang='lat' dir='ltr'>heroicae</span> <span class='ocrx_word' id='word_1_345' title='bbox 1364 2918 1557 2974; x_wconf 80' lang='lat' dir='ltr'>aetatis</span> <span class='ocrx_word' id='word_1_346' title='bbox 1603 2920 1864 2987; x_wconf 83' lang='lat' dir='ltr'>homines</span> <span class='ocrx_word' id='word_1_347' title='bbox 1917 2921 2216 3001; x_wconf 71' lang='lat' dir='ltr'>Virgilius,</span> <span class='ocrx_word' id='word_1_348' title='bbox 2282 2941 2429 2995; x_wconf 86' lang='lat' dir='ltr'>quae</span> 
     </span>
     <span class='ocr_line' id='line_1_36' title="bbox 142 2987 2426 3062; baseline 0 -19"><span class='ocrx_word' id='word_1_349' title='bbox 142 2989 231 3058; x_wconf 74' lang='lat' dir='ltr'>ipsi</span> <span class='ocrx_word' id='word_1_350' title='bbox 260 2991 433 3061; x_wconf 83' lang='lat' dir='ltr'>magis</span> <span class='ocrx_word' id='word_1_351' title='bbox 468 3006 641 3062; x_wconf 89' lang='lat' dir='ltr'>quam</span> <span class='ocrx_word' id='word_1_352' title='bbox 677 2989 789 3043; x_wconf 73' lang='lat' dir='ltr'>ilus</span> <span class='ocrx_word' id='word_1_353' title='bbox 821 2987 1198 3052; x_wconf 77' lang='lat' dir='ltr'>conveniunt3</span> <span class='ocrx_word' id='word_1_354' title='bbox 1240 3004 1448 3056; x_wconf 84' lang='lat' dir='ltr'>nempe</span> <span class='ocrx_word' id='word_1_355' title='bbox 1480 3005 1626 3059; x_wconf 88' lang='lat' dir='ltr'>quae</span> <span class='ocrx_word' id='word_1_356' title='bbox 1660 2988 1728 3040; x_wconf 89' lang='lat' dir='ltr'>ad</span> <span class='ocrx_word' id='word_1_357' title='bbox 1766 3006 1856 3043; x_wconf 88' lang='lat' dir='ltr'>res</span> <span class='ocrx_word' id='word_1_358' title='bbox 1892 2991 2125 3057; x_wconf 75' lang='lat' dir='ltr'>Troicas</span> <span class='ocrx_word' id='word_1_359' title='bbox 2158 2999 2426 3060; x_wconf 81' lang='lat' dir='ltr'>spectant,</span> 
     </span>
     <span class='ocr_line' id='line_1_37' title="bbox 144 3053 2429 3125; baseline 0.001 -16"><span class='ocrx_word' id='word_1_360' title='bbox 144 3074 225 3122; x_wconf 81' lang='lat' dir='ltr'>ea,</span> <span class='ocrx_word' id='word_1_361' title='bbox 267 3057 574 3125; x_wconf 85' lang='lat' dir='ltr'>posteriore</span> <span class='ocrx_word' id='word_1_362' title='bbox 610 3065 786 3109; x_wconf 85' lang='lat' dir='ltr'>aetate</span> <span class='ocrx_word' id='word_1_363' title='bbox 819 3072 1168 3108; x_wconf 86' lang='lat' dir='ltr'>summorum</span> <span class='ocrx_word' id='word_1_364' title='bbox 1259 3055 1512 3108; x_wconf 71' lang='lat' dir='ltr'>oetan-um</span> <span class='ocrx_word' id='word_1_365' title='bbox 1561 3053 1906 3111; x_wconf 83' lang='lat' dir='ltr'>carminibus</span> <span class='ocrx_word' id='word_1_366' title='bbox 1956 3053 2263 3124; x_wconf 84' lang='lat' dir='ltr'>celebrata,</span> <span class='ocrx_word' id='word_1_367' title='bbox 2312 3057 2429 3113; x_wconf 85' lang='lat' dir='ltr'>iam</span> 
     </span>
     <span class='ocr_line' id='line_1_38' title="bbox 143 3120 2422 3196; baseline 0.002 -20"><span class='ocrx_word' id='word_1_368' title='bbox 143 3124 381 3179; x_wconf 84' lang='lat' dir='ltr'>omnibus</span> <span class='ocrx_word' id='word_1_369' title='bbox 428 3133 589 3178; x_wconf 85' lang='lat' dir='ltr'>erant</span> <span class='ocrx_word' id='word_1_370' title='bbox 631 3123 940 3179; x_wconf 86' lang='lat' dir='ltr'>notissima.</span> <span class='ocrx_word' id='word_1_371' title='bbox 959 3121 996 3148; x_wconf 78' lang='lat'>‘⁶</span> <span class='ocrx_word' id='word_1_372' title='bbox 1032 3120 1183 3182; x_wconf 77' lang='lat' dir='ltr'>Wr.</span> <span class='ocrx_word' id='word_1_373' title='bbox 1294 3124 1460 3175; x_wconf 90' lang='lat' dir='ltr'>Nunc</span> <span class='ocrx_word' id='word_1_374' title='bbox 1503 3131 1722 3177; x_wconf 84' lang='lat' dir='ltr'>tantum</span> <span class='ocrx_word' id='word_1_375' title='bbox 1768 3121 1985 3178; x_wconf 76' lang='lat' dir='ltr'>sinus</span> <span class='ocrx_word' id='word_1_376' title='bbox 2032 3133 2099 3178; x_wconf 74' lang='lat' dir='ltr'>et</span> <span class='ocrx_word' id='word_1_377' title='bbox 2148 3123 2422 3196; x_wconf 75' lang='lat' dir='ltr'>statio,</span> 
     </span>
     <span class='ocr_line' id='line_1_39' title="bbox 143 3188 2429 3265; baseline 0.002 -21"><span class='ocrx_word' id='word_1_378' title='bbox 143 3191 190 3244; x_wconf 79' lang='lat' dir='ltr'>h.</span> <span class='ocrx_word' id='word_1_379' title='bbox 219 3211 264 3245; x_wconf 91' lang='lat' dir='ltr'>e.</span> <span class='ocrx_word' id='word_1_380' title='bbox 310 3210 375 3246; x_wconf 89' lang='lat' dir='ltr'>ea</span> <span class='ocrx_word' id='word_1_381' title='bbox 409 3191 662 3246; x_wconf 81' lang='lat' dir='ltr'>vastities</span> <span class='ocrx_word' id='word_1_382' title='bbox 697 3191 756 3244; x_wconf 89' lang='lat' dir='ltr'>in</span> <span class='ocrx_word' id='word_1_383' title='bbox 793 3190 974 3244; x_wconf 88' lang='lat' dir='ltr'>insula</span> <span class='ocrx_word' id='word_1_384' title='bbox 1009 3188 1181 3255; x_wconf 86' lang='lat' dir='ltr'>sacta,</span> <span class='ocrx_word' id='word_1_385' title='bbox 1228 3198 1291 3242; x_wconf 89' lang='lat' dir='ltr'>ut</span> <span class='ocrx_word' id='word_1_386' title='bbox 1324 3189 1422 3243; x_wconf 90' lang='lat' dir='ltr'>illa</span> <span class='ocrx_word' id='word_1_387' title='bbox 1460 3189 1569 3244; x_wconf 87' lang='lat' dir='ltr'>hoc</span> <span class='ocrx_word' id='word_1_388' title='bbox 1600 3208 1715 3244; x_wconf 89' lang='lat' dir='ltr'>uno</span> <span class='ocrx_word' id='word_1_389' title='bbox 1749 3200 1880 3245; x_wconf 86' lang='lat' dir='ltr'>nota</span> <span class='ocrx_word' id='word_1_390' title='bbox 1914 3191 2013 3258; x_wconf 82' lang='lat' dir='ltr'>sit,</span> <span class='ocrx_word' id='word_1_391' title='bbox 2061 3192 2214 3265; x_wconf 88' lang='lat' dir='ltr'>quod</span> <span class='ocrx_word' id='word_1_392' title='bbox 2250 3210 2429 3249; x_wconf 75' lang='lat' dir='ltr'>naves</span> 
     </span>
     <span class='ocr_line' id='line_1_40' title="bbox 142 3255 2420 3331; baseline 0.002 -20"><span class='ocrx_word' id='word_1_393' title='bbox 142 3269 440 3330; x_wconf 83' lang='lat' dir='ltr'>tempestate</span> <span class='ocrx_word' id='word_1_394' title='bbox 472 3260 706 3313; x_wconf 87' lang='lat' dir='ltr'>iactatae</span> <span class='ocrx_word' id='word_1_395' title='bbox 739 3258 800 3311; x_wconf 87' lang='lat' dir='ltr'>in</span> <span class='ocrx_word' id='word_1_396' title='bbox 833 3255 1061 3310; x_wconf 88' lang='lat' dir='ltr'>litorum</span> <span class='ocrx_word' id='word_1_397' title='bbox 1094 3273 1351 3324; x_wconf 86' lang='lat' dir='ltr'>recessu,</span> <span class='ocrx_word' id='word_1_398' title='bbox 1390 3274 1561 3328; x_wconf 88' lang='lat' dir='ltr'>quem</span> <span class='ocrx_word' id='word_1_399' title='bbox 1583 3256 1772 3312; x_wconf 75' lang='lat' dir='ltr'>sinum</span> <span class='ocrx_word' id='word_1_400' title='bbox 1796 3261 2064 3329; x_wconf 85' lang='lat' dir='ltr'>appellat,</span> <span class='ocrx_word' id='word_1_401' title='bbox 2096 3259 2420 3331; x_wconf 66' lang='lat' dir='ltr'>statfonem,</span> 
     </span>
     <span class='ocr_line' id='line_1_41' title="bbox 144 3323 2426 3397; baseline 0.002 -18"><span class='ocrx_word' id='word_1_402' title='bbox 144 3327 227 3381; x_wconf 86' lang='lat' dir='ltr'>etsi</span> <span class='ocrx_word' id='word_1_403' title='bbox 264 3345 485 3397; x_wconf 74' lang='lat' dir='ltr'>parum</span> <span class='ocrx_word' id='word_1_404' title='bbox 511 3335 749 3395; x_wconf 60' lang='lat' dir='ltr'>tutam,</span> <span class='ocrx_word' id='word_1_405' title='bbox 800 3323 1027 3379; x_wconf 87' lang='lat' dir='ltr'>habent.</span> <span class='ocrx_word' id='word_1_406' title='bbox 1097 3324 1315 3378; x_wconf 88' lang='lat' dir='ltr'>Eodem</span> <span class='ocrx_word' id='word_1_407' title='bbox 1360 3342 1497 3378; x_wconf 84' lang='lat' dir='ltr'>mox</span> <span class='ocrx_word' id='word_1_408' title='bbox 1545 3335 1757 3395; x_wconf 84' lang='lat' dir='ltr'>spectat</span> <span class='ocrx_word' id='word_1_409' title='bbox 1800 3329 2087 3381; x_wconf 75' lang='lat' dir='ltr'>desertum</span> <span class='ocrx_word' id='word_1_410' title='bbox 2131 3324 2307 3397; x_wconf 74' lang='lat' dir='ltr'>litus,</span> <span class='ocrx_word' id='word_1_411' title='bbox 2360 3330 2426 3384; x_wconf 81' lang='lat' dir='ltr'>in</span> 
     </span>
     <span class='ocr_line' id='line_1_42' title="bbox 145 3391 2424 3465; baseline 0.001 -18"><span class='ocrx_word' id='word_1_412' title='bbox 145 3413 237 3465; x_wconf 87' lang='lat' dir='ltr'>quo</span> <span class='ocrx_word' id='word_1_413' title='bbox 268 3396 522 3449; x_wconf 72' lang='lat' dir='ltr'>condunt</span> <span class='ocrx_word' id='word_1_414' title='bbox 553 3411 624 3447; x_wconf 58' lang='lat' dir='ltr'>se‘</span> <span class='ocrx_word' id='word_1_415' title='bbox 648 3391 925 3449; x_wconf 56' lang='lat' dir='ltr'>Achiviss</span> <span class='ocrx_word' id='word_1_416' title='bbox 960 3392 1048 3448; x_wconf 83' lang='lat' dir='ltr'>H.</span> <span class='ocrx_word' id='word_1_417' title='bbox 1089 3419 1158 3431; x_wconf 90' lang='lat'>—-</span> <span class='ocrx_word' id='word_1_418' title='bbox 1218 3391 1662 3461; x_wconf 76' lang='lat' dir='ltr'>manebant,</span> <span class='ocrx_word' id='word_1_419' title='bbox 1697 3392 1944 3460; x_wconf 88' lang='lat' dir='ltr'>stabant,</span> <span class='ocrx_word' id='word_1_420' title='bbox 1977 3392 2265 3448; x_wconf 87' lang='lat' dir='ltr'>florebant.</span> <span class='ocrx_word' id='word_1_421' title='bbox 2337 3395 2424 3451; x_wconf 75' lang='lat' dir='ltr'>Cf.</span> 
     </span>
     <span class='ocr_line' id='line_1_43' title="bbox 141 3459 2428 3529; baseline 0.003 -16"><span class='ocrx_word' id='word_1_422' title='bbox 141 3462 264 3515; x_wconf 77' lang='lat' dir='ltr'>infra</span> <span class='ocrx_word' id='word_1_423' title='bbox 292 3480 347 3517; x_wconf 78' lang='lat' dir='ltr'>v.</span> <span class='ocrx_word' id='word_1_424' title='bbox 373 3465 465 3518; x_wconf 86' lang='grc'>56.</span> <span class='ocrx_word' id='word_1_425' title='bbox 512 3462 635 3516; x_wconf 83' lang='grc'><strong>455.</strong></span> <span class='ocrx_word' id='word_1_426' title='bbox 678 3471 734 3515; x_wconf 92' lang='lat' dir='ltr'>et</span> <span class='ocrx_word' id='word_1_427' title='bbox 772 3464 882 3526; x_wconf 87' lang='lat' dir='ltr'>XI,</span> <span class='ocrx_word' id='word_1_428' title='bbox 917 3461 1037 3514; x_wconf 88' lang='grc'><strong>615.</strong></span> <span class='ocrx_word' id='word_1_429' title='bbox 1073 3486 1142 3499; x_wconf 94' lang='lat'><em>-</em></span> <span class='ocrx_word' id='word_1_430' title='bbox 1203 3460 1394 3515; x_wconf 79' lang='lat' dir='ltr'>male</span> <span class='ocrx_word' id='word_1_431' title='bbox 1429 3459 1624 3529; x_wconf 76' lang='lat' dir='ltr'>fida</span> <span class='ocrx_word' id='word_1_432' title='bbox 1658 3462 1815 3515; x_wconf 85' lang='lat' dir='ltr'>Serv.</span> <span class='ocrx_word' id='word_1_433' title='bbox 1860 3462 2001 3517; x_wconf 78' lang='lat' dir='ltr'>falso</span> <span class='ocrx_word' id='word_1_434' title='bbox 2037 3462 2180 3516; x_wconf 86' lang='lat' dir='ltr'>inter</span> <span class='ocrx_word' id='word_1_435' title='bbox 2222 3472 2428 3519; x_wconf 81' lang='lat' dir='ltr'>retatut</span> 
     </span>
     <span class='ocr_line' id='line_1_44' title="bbox 141 3527 2424 3598; baseline 0.002 -16"><span class='ocrx_word' id='word_1_436' title='bbox 141 3529 235 3595; x_wconf 85' lang='lat' dir='ltr'>„in</span> <span class='ocrx_word' id='word_1_437' title='bbox 263 3530 572 3598; x_wconf 88' lang='lat' dir='ltr'>perniciem</span> <span class='ocrx_word' id='word_1_438' title='bbox 620 3527 924 3584; x_wconf 85' lang='lat' dir='ltr'>nostram“</span> <span class='ocrx_word' id='word_1_439' title='bbox 972 3527 1105 3598; x_wconf 90' lang='lat' dir='ltr'>quia</span> <span class='ocrx_word' id='word_1_440' title='bbox 1147 3527 1228 3581; x_wconf 90' lang='lat' dir='ltr'>ibi</span> <span class='ocrx_word' id='word_1_441' title='bbox 1267 3529 1465 3582; x_wconf 85' lang='lat' dir='ltr'>Graeci</span> <span class='ocrx_word' id='word_1_442' title='bbox 1511 3531 1800 3583; x_wconf 83' lang='lat' dir='ltr'>latuerant.</span> <span class='ocrx_word' id='word_1_443' title='bbox 1861 3533 2040 3584; x_wconf 87' lang='lat' dir='ltr'>Immo</span> <span class='ocrx_word' id='word_1_444' title='bbox 2205 3544 2236 3584; x_wconf 80' lang='lat' dir='ltr'>e</span> <span class='ocrx_word' id='word_1_445' title='bbox 2269 3529 2424 3586; x_wconf 87' lang='lat' dir='ltr'>haud</span> 
     </span>
     <span class='ocr_line' id='line_1_45' title="bbox 141 3596 2423 3671; baseline 0.001 -23"><span class='ocrx_word' id='word_1_446' title='bbox 141 3614 245 3651; x_wconf 86' lang='lat' dir='ltr'>raro</span> <span class='ocrx_word' id='word_1_447' title='bbox 275 3597 572 3652; x_wconf 80' lang='lat' dir='ltr'>adiectivis</span> <span class='ocrx_word' id='word_1_448' title='bbox 619 3597 873 3651; x_wconf 86' lang='lat' dir='ltr'>additum</span> <span class='ocrx_word' id='word_1_449' title='bbox 922 3596 1182 3650; x_wconf 83' lang='lat' dir='ltr'>vitiosam</span> <span class='ocrx_word' id='word_1_450' title='bbox 1230 3597 1475 3671; x_wconf 86' lang='lat' dir='ltr'>aliquam</span> <span class='ocrx_word' id='word_1_451' title='bbox 1525 3597 1776 3663; x_wconf 84' lang='lat' dir='ltr'>virtutis,</span> <span class='ocrx_word' id='word_1_452' title='bbox 1827 3615 1970 3669; x_wconf 89' lang='lat' dir='ltr'>quae</span> <span class='ocrx_word' id='word_1_453' title='bbox 2004 3596 2279 3650; x_wconf 84' lang='lat' dir='ltr'>adiectivo</span> <span class='ocrx_word' id='word_1_454' title='bbox 2317 3616 2423 3650; x_wconf 83' lang='lat' dir='ltr'>ex-</span> 
     </span>
     <span class='ocr_line' id='line_1_46' title="bbox 141 3664 2422 3736; baseline 0.001 -21"><span class='ocrx_word' id='word_1_455' title='bbox 141 3664 400 3732; x_wconf 81' lang='lat' dir='ltr'>primitur,</span> <span class='ocrx_word' id='word_1_456' title='bbox 438 3664 715 3719; x_wconf 87' lang='lat' dir='ltr'>rationem</span> <span class='ocrx_word' id='word_1_457' title='bbox 748 3664 993 3729; x_wconf 88' lang='lat' dir='ltr'>indicat,</span> <span class='ocrx_word' id='word_1_458' title='bbox 1038 3681 1183 3736; x_wconf 87' lang='lat' dir='ltr'>quae</span> <span class='ocrx_word' id='word_1_459' title='bbox 1215 3667 1535 3721; x_wconf 79' lang='lat' dir='ltr'>alterutram</span> <span class='ocrx_word' id='word_1_460' title='bbox 1569 3665 1630 3718; x_wconf 91' lang='lat' dir='ltr'>in</span> <span class='ocrx_word' id='word_1_461' title='bbox 1664 3675 1875 3735; x_wconf 83' lang='lat' dir='ltr'>partem</span> <span class='ocrx_word' id='word_1_462' title='bbox 1914 3664 2147 3718; x_wconf 89' lang='lat' dir='ltr'>modum</span> <span class='ocrx_word' id='word_1_463' title='bbox 2182 3665 2422 3733; x_wconf 86' lang='lat' dir='ltr'>excedit,</span> 
     </span>
     <span class='ocr_line' id='line_1_47' title="bbox 143 3731 2424 3803; baseline 0.002 -21"><span class='ocrx_word' id='word_1_464' title='bbox 143 3741 192 3784; x_wconf 86' lang='lat' dir='ltr'>ut</span> <span class='ocrx_word' id='word_1_465' title='bbox 220 3749 312 3802; x_wconf 88' lang='lat' dir='ltr'>per</span> <span class='ocrx_word' id='word_1_466' title='bbox 346 3752 408 3788; x_wconf 81' lang='lat' dir='ltr'>se</span> <span class='ocrx_word' id='word_1_467' title='bbox 443 3742 502 3785; x_wconf 88' lang='lat' dir='ltr'>et</span> <span class='ocrx_word' id='word_1_468' title='bbox 525 3750 748 3803; x_wconf 73' lang='lat' dir='ltr'>parum</span> <span class='ocrx_word' id='word_1_469' title='bbox 781 3741 834 3784; x_wconf 90' lang='lat' dir='ltr'>et</span> <span class='ocrx_word' id='word_1_470' title='bbox 862 3731 1100 3785; x_wconf 72' lang='lat' dir='ltr'>nimium</span> <span class='ocrx_word' id='word_1_471' title='bbox 1133 3731 1448 3803; x_wconf 88' lang='lat' dir='ltr'>significare</span> <span class='ocrx_word' id='word_1_472' title='bbox 1483 3733 1690 3803; x_wconf 77' lang='lat' dir='ltr'>possit3</span> <span class='ocrx_word' id='word_1_473' title='bbox 1728 3736 2061 3803; x_wconf 87' lang='lat' dir='ltr'>plerumque</span> <span class='ocrx_word' id='word_1_474' title='bbox 2093 3740 2280 3784; x_wconf 86' lang='lat' dir='ltr'>tamen</span> <span class='ocrx_word' id='word_1_475' title='bbox 2315 3733 2424 3786; x_wconf 91' lang='lat' dir='ltr'>de-</span> 
     </span>
     <span class='ocr_line' id='line_1_48' title="bbox 140 3798 2507 3884; baseline 0.001 -34"><span class='ocrx_word' id='word_1_476' title='bbox 140 3798 318 3854; x_wconf 72' lang='lat' dir='ltr'>sectum</span> <span class='ocrx_word' id='word_1_477' title='bbox 364 3803 637 3884; x_wconf 77' lang='lat' dir='ltr'>aliquem·</span> <span class='ocrx_word' id='word_1_478' title='bbox 664 3801 920 3854; x_wconf 91' lang='lat' dir='ltr'>indicans</span> <span class='ocrx_word' id='word_1_479' title='bbox 969 3800 1124 3852; x_wconf 90' lang='lat' dir='ltr'>idem</span> <span class='ocrx_word' id='word_1_480' title='bbox 1169 3810 1252 3854; x_wconf 89' lang='lat' dir='ltr'>est</span> <span class='ocrx_word' id='word_1_481' title='bbox 1295 3800 1451 3872; x_wconf 88' lang='lat' dir='ltr'>quod</span> <span class='ocrx_word' id='word_1_482' title='bbox 1496 3817 1614 3855; x_wconf 78' lang='lat' dir='ltr'>non</span> <span class='ocrx_word' id='word_1_483' title='bbox 1657 3800 1841 3868; x_wconf 71' lang='lat' dir='ltr'>satis,</span> <span class='ocrx_word' id='word_1_484' title='bbox 1889 3799 2113 3866; x_wconf 77' lang='lat' dir='ltr'>minus,</span> <span class='ocrx_word' id='word_1_485' title='bbox 2155 3816 2418 3870; x_wconf 81' lang='lat' dir='ltr'>parum,</span> <span class='ocrx_word' id='word_1_486' title='bbox 2502 3824 2507 3827; x_wconf 97' lang='lat'>·</span> 
     </span>
     <span class='ocr_line' id='line_1_49' title="bbox 140 3866 2423 3948; baseline 0.002 -30"><span class='ocrx_word' id='word_1_487' title='bbox 140 3877 362 3922; x_wconf 82' lang='lat' dir='ltr'>nostrum</span> <span class='ocrx_word' id='word_1_488' title='bbox 409 3867 574 3922; x_wconf 69' lang='lat' dir='ltr'>mela</span> <span class='ocrx_word' id='word_1_489' title='bbox 621 3866 817 3936; x_wconf 73' lang='lat' dir='ltr'>recht,</span> <span class='ocrx_word' id='word_1_490' title='bbox 878 3866 1121 3939; x_wconf 87' lang='lat' dir='ltr'>ideoque</span> <span class='ocrx_word' id='word_1_491' title='bbox 1169 3885 1288 3920; x_wconf 89' lang='lat' dir='ltr'>non</span> <span class='ocrx_word' id='word_1_492' title='bbox 1336 3877 1446 3920; x_wconf 90' lang='lat' dir='ltr'>tam</span> <span class='ocrx_word' id='word_1_493' title='bbox 1482 3867 1698 3921; x_wconf 86' lang='lat' dir='ltr'>sortiter</span> <span class='ocrx_word' id='word_1_494' title='bbox 1732 3876 1922 3948; x_wconf 79' lang='lat' dir='ltr'>negat,</span> <span class='ocrx_word' id='word_1_495' title='bbox 1977 3884 2146 3938; x_wconf 87' lang='lat' dir='ltr'>quam</span> <span class='ocrx_word' id='word_1_496' title='bbox 2178 3866 2423 3936; x_wconf 82' lang='lat' dir='ltr'>simplex</span> 
     </span>
     <span class='ocr_line' id='line_1_50' title="bbox 139 3933 2417 4056; baseline 0.001 -71"><span class='ocrx_word' id='word_1_497' title='bbox 139 3935 520 4056; x_wconf 43' lang='lat' dir='ltr'>negationum.</span> <span class='ocrx_word' id='word_1_498' title='bbox 605 3936 697 3989; x_wconf 85' lang='lat' dir='ltr'>Sic</span> <span class='ocrx_word' id='word_1_499' title='bbox 741 3933 892 3989; x_wconf 80' lang='lat' dir='ltr'>male</span> <span class='ocrx_word' id='word_1_500' title='bbox 923 3935 1096 4001; x_wconf 81' lang='lat' dir='ltr'>fidus</span> <span class='ocrx_word' id='word_1_501' title='bbox 1140 3935 1308 3988; x_wconf 88' lang='lat' dir='ltr'>etiam</span> <span class='ocrx_word' id='word_1_502' title='bbox 1361 3936 1510 4003; x_wconf 88' lang='lat' dir='ltr'>apud</span> <span class='ocrx_word' id='word_1_503' title='bbox 1563 3939 1709 3988; x_wconf 19' lang='lat' dir='ltr'>Tac..</span> <span class='ocrx_word' id='word_1_504' title='bbox 1758 3937 1898 3988; x_wconf 67' lang='lat' dir='ltr'>Hist.</span> <span class='ocrx_word' id='word_1_505' title='bbox 1933 3937 1988 4000; x_wconf 91' lang='lat'>1,</span> <span class='ocrx_word' id='word_1_506' title='bbox 2044 3937 2131 3988; x_wconf 85' lang='grc'>52.</span> <span class='ocrx_word' id='word_1_507' title='bbox 2178 3935 2417 4054; x_wconf 51' lang='lat' dir='ltr'>leffiitur:</span> 
     </span>
     <span class='ocr_line' id='line_1_51' title="bbox 140 4001 2417 4072; baseline 0.003 -19"><span class='ocrx_word' id='word_1_508' title='bbox 140 4017 180 4053; x_wconf 73' lang='lat' dir='ltr'>m</span> <span class='ocrx_word' id='word_1_509' title='bbox 234 4021 262 4056; x_wconf 83' lang='lat' dir='ltr'>e</span> <span class='ocrx_word' id='word_1_510' title='bbox 280 4004 450 4070; x_wconf 81' lang='lat' dir='ltr'>fidas</span> <span class='ocrx_word' id='word_1_511' title='bbox 469 4002 810 4072; x_wconf 75' lang='lat' dir='ltr'>provincias</span> <span class='ocrx_word' id='word_1_512' title='bbox 821 4022 844 4071; x_wconf 78' lang='lat'>,-</span> <span class='ocrx_word' id='word_1_513' title='bbox 884 4002 1027 4055; x_wconf 83' lang='lat' dir='ltr'>infra</span> <span class='ocrx_word' id='word_1_514' title='bbox 1054 4019 1110 4055; x_wconf 75' lang='lat' dir='ltr'>V.</span> <span class='ocrx_word' id='word_1_515' title='bbox 1139 4005 1260 4056; x_wconf 88' lang='grc'><strong>735.</strong></span> <span class='ocrx_word' id='word_1_516' title='bbox 1291 4020 1498 4056; x_wconf 78' lang='lat' dir='ltr'>numen</span> <span class='ocrx_word' id='word_1_517' title='bbox 1520 4001 1671 4056; x_wconf 80' lang='lat' dir='ltr'>male</span> <span class='ocrx_word' id='word_1_518' title='bbox 1696 4001 1973 4069; x_wconf 67' lang='lat' dir='ltr'>amicum,</span> <span class='ocrx_word' id='word_1_519' title='bbox 2011 4003 2106 4067; x_wconf 85' lang='lat' dir='ltr'>1V,</span> <span class='ocrx_word' id='word_1_520' title='bbox 2129 4006 2180 4056; x_wconf 90' lang='lat'>8.</span> <span class='ocrx_word' id='word_1_521' title='bbox 2212 4006 2232 4067; x_wconf 96' lang='lat'>(</span> <span class='ocrx_word' id='word_1_522' title='bbox 2292 4003 2417 4072; x_wconf 86' lang='lat' dir='ltr'>ido)</span> 
     </span>
     <span class='ocr_line' id='line_1_52' title="bbox 142 4069 2417 4138; baseline 0.003 -19"><span class='ocrx_word' id='word_1_523' title='bbox 142 4069 268 4123; x_wconf 74' lang='lat' dir='ltr'>male</span> <span class='ocrx_word' id='word_1_524' title='bbox 291 4089 441 4125; x_wconf 75' lang='lat' dir='ltr'>sana</span> <span class='ocrx_word' id='word_1_525' title='bbox 477 4076 499 4136; x_wconf 92' lang='lat'>(</span> <span class='ocrx_word' id='word_1_526' title='bbox 577 4071 702 4137; x_wconf 72' lang='lat' dir='ltr'>iod,</span> <span class='ocrx_word' id='word_1_527' title='bbox 737 4069 888 4124; x_wconf 80' lang='lat' dir='ltr'>male</span> <span class='ocrx_word' id='word_1_528' title='bbox 917 4086 1132 4137; x_wconf 73' lang='lat' dir='ltr'>sanus,</span> <span class='ocrx_word' id='word_1_529' title='bbox 1183 4071 1346 4123; x_wconf 84' lang='lat' dir='ltr'>etiam</span> <span class='ocrx_word' id='word_1_530' title='bbox 1388 4069 1541 4138; x_wconf 85' lang='lat' dir='ltr'>apud</span> <span class='ocrx_word' id='word_1_531' title='bbox 1576 4069 1691 4123; x_wconf 86' lang='lat' dir='ltr'>Cic.</span> <span class='ocrx_word' id='word_1_532' title='bbox 1728 4071 1841 4122; x_wconf 80' lang='lat' dir='ltr'>Att.</span> <span class='ocrx_word' id='word_1_533' title='bbox 1873 4074 1980 4136; x_wconf 84' lang='lat' dir='ltr'>lX,</span> <span class='ocrx_word' id='word_1_534' title='bbox 2021 4070 2104 4123; x_wconf 88' lang='grc'>15.</span> <span class='ocrx_word' id='word_1_535' title='bbox 2138 4073 2275 4123; x_wconf 84' lang='lat' dir='ltr'>Hor.</span> <span class='ocrx_word' id='word_1_536' title='bbox 2313 4074 2356 4124; x_wconf 81' lang='lat' dir='ltr'>E</span> <span class='ocrx_word' id='word_1_537' title='bbox 2402 4111 2417 4126; x_wconf 95' lang='lat'>.</span> 
     </span>
     <span class='ocr_line' id='line_1_53' title="bbox 140 4135 2419 4205; baseline 0.001 -13"><span class='ocrx_word' id='word_1_538' title='bbox 140 4135 183 4201; x_wconf 80' lang='grc' dir='ltr'><strong>Ι,</strong></span> <span class='ocrx_word' id='word_1_539' title='bbox 215 4140 270 4199; x_wconf 84' lang='grc'>9.</span> <span class='ocrx_word' id='word_1_540' title='bbox 305 4143 355 4194; x_wconf 84' lang='grc'>3.</span> <span class='ocrx_word' id='word_1_541' title='bbox 408 4139 519 4192; x_wconf 84' lang='lat' dir='ltr'>Ovi</span> <span class='ocrx_word' id='word_1_542' title='bbox 567 4175 581 4190; x_wconf 99' lang='lat'>.</span> <span class='ocrx_word' id='word_1_543' title='bbox 616 4140 748 4191; x_wconf 86' lang='lat' dir='ltr'>Met.</span> <span class='ocrx_word' id='word_1_544' title='bbox 775 4141 872 4205; x_wconf 90' lang='lat'>111,</span> <span class='ocrx_word' id='word_1_545' title='bbox 908 4139 1027 4192; x_wconf 84' lang='grc'><strong>474.</strong></span> <span class='ocrx_word' id='word_1_546' title='bbox 1059 4137 1195 4191; x_wconf 91' lang='lat' dir='ltr'>alibi</span> <span class='ocrx_word' id='word_1_547' title='bbox 1231 4136 1566 4204; x_wconf 81' lang='lat' dir='ltr'>invenitur).</span> <span class='ocrx_word' id='word_1_548' title='bbox 1604 4141 1740 4191; x_wconf 82' lang='lat' dir='ltr'>Hor.</span> <span class='ocrx_word' id='word_1_549' title='bbox 1779 4138 1886 4192; x_wconf 89' lang='lat' dir='ltr'>Od.</span> <span class='ocrx_word' id='word_1_550' title='bbox 1908 4140 1957 4203; x_wconf 94' lang='grc' dir='ltr'><strong>Ι,</strong></span> <span class='ocrx_word' id='word_1_551' title='bbox 1995 4139 2054 4201; x_wconf 86' lang='grc'><strong>9,</strong></span> <span class='ocrx_word' id='word_1_552' title='bbox 2093 4147 2229 4190; x_wconf 85' lang='lat' dir='ltr'>extr.</span> <span class='ocrx_word' id='word_1_553' title='bbox 2265 4157 2360 4193; x_wconf 83' lang='lat' dir='ltr'>ma</span> <span class='ocrx_word' id='word_1_554' title='bbox 2385 4158 2419 4194; x_wconf 82' lang='lat' dir='ltr'>e</span> 
     </span>
     <span class='ocr_line' id='line_1_54' title="bbox 134 4205 2417 4286; baseline 0.003 -32"><span class='ocrx_word' id='word_1_555' title='bbox 134 4205 413 4268; x_wconf 75' lang='lat' dir='ltr'>pertinax.</span> <span class='ocrx_word' id='word_1_556' title='bbox 505 4209 616 4260; x_wconf 85' lang='lat' dir='ltr'>Sat.</span> <span class='ocrx_word' id='word_1_557' title='bbox 662 4209 739 4279; x_wconf 82' lang='grc' dir='ltr'><strong>Π,</strong></span> <span class='ocrx_word' id='word_1_558' title='bbox 784 4209 854 4272; x_wconf 78' lang='grc'><strong>5,</strong></span> <span class='ocrx_word' id='word_1_559' title='bbox 908 4205 994 4260; x_wconf 85' lang='grc'>45.</span> <span class='ocrx_word' id='word_1_560' title='bbox 1042 4205 1192 4260; x_wconf 79' lang='lat' dir='ltr'>male</span> <span class='ocrx_word' id='word_1_561' title='bbox 1235 4205 1488 4260; x_wconf 76' lang='lat' dir='ltr'>validus.</span> <span class='ocrx_word' id='word_1_562' title='bbox 1574 4207 1739 4259; x_wconf 87' lang='lat' dir='ltr'>Ovid.</span> <span class='ocrx_word' id='word_1_563' title='bbox 1787 4207 1923 4258; x_wconf 78' lang='lat' dir='ltr'>Her.</span> <span class='ocrx_word' id='word_1_564' title='bbox 1969 4207 2095 4286; x_wconf 74' lang='lat' dir='ltr'>vn,</span> <span class='ocrx_word' id='word_1_565' title='bbox 2133 4212 2217 4258; x_wconf 84' lang='lat'>27.</span> <span class='ocrx_word' id='word_1_566' title='bbox 2266 4207 2417 4261; x_wconf 75' lang='lat' dir='ltr'>male</span> 
     </span>
     <span class='ocr_line' id='line_1_55' title="bbox 135 4271 2417 4344; baseline 0.003 -21"><span class='ocrx_word' id='word_1_567' title='bbox 135 4283 359 4335; x_wconf 71' lang='lat' dir='ltr'>gratias..</span> <span class='ocrx_word' id='word_1_568' title='bbox 422 4276 573 4329; x_wconf 83' lang='lat' dir='ltr'>Fast.</span> <span class='ocrx_word' id='word_1_569' title='bbox 601 4275 705 4339; x_wconf 92' lang='lat' dir='ltr'>VI,</span> <span class='ocrx_word' id='word_1_570' title='bbox 754 4276 873 4327; x_wconf 85' lang='grc'><strong>785.</strong></span> <span class='ocrx_word' id='word_1_571' title='bbox 923 4271 1073 4327; x_wconf 81' lang='lat' dir='ltr'>male</span> <span class='ocrx_word' id='word_1_572' title='bbox 1114 4272 1364 4328; x_wconf 74' lang='lat' dir='ltr'>sobrius.</span> <span class='ocrx_word' id='word_1_573' title='bbox 1440 4276 1591 4327; x_wconf 87' lang='lat' dir='ltr'>Suet.</span> <span class='ocrx_word' id='word_1_574' title='bbox 1636 4274 1786 4344; x_wconf 82' lang='lat' dir='ltr'>Aug.</span> <span class='ocrx_word' id='word_1_575' title='bbox 1824 4280 1910 4326; x_wconf 90' lang='grc'>21.</span> <span class='ocrx_word' id='word_1_576' title='bbox 1954 4282 2221 4328; x_wconf 68' lang='lat' dir='ltr'>Mirones</span> <span class='ocrx_word' id='word_1_577' title='bbox 2265 4274 2417 4329; x_wconf 82' lang='lat' dir='ltr'>male</span> 
     </span>
     <span class='ocr_line' id='line_1_56' title="bbox 136 4336 2415 4413; baseline 0.002 -20"><span class='ocrx_word' id='word_1_578' title='bbox 136 4336 333 4413; x_wconf 67' lang='lat' dir='ltr'>qfn&#39;etae</span> <span class='ocrx_word' id='word_1_579' title='bbox 379 4351 514 4396; x_wconf 87' lang='lat' dir='ltr'>cett.</span> <span class='ocrx_word' id='word_1_580' title='bbox 596 4341 842 4394; x_wconf 84' lang='lat' dir='ltr'>Alterius</span> <span class='ocrx_word' id='word_1_581' title='bbox 891 4340 1311 4413; x_wconf 85' lang='lat' dir='ltr'>significationis</span> <span class='ocrx_word' id='word_1_582' title='bbox 1358 4343 1617 4410; x_wconf 82' lang='lat' dir='ltr'>exempla</span> <span class='ocrx_word' id='word_1_583' title='bbox 1665 4342 1734 4394; x_wconf 91' lang='lat' dir='ltr'>ad</span> <span class='ocrx_word' id='word_1_584' title='bbox 1786 4341 1885 4394; x_wconf 89' lang='lat' dir='ltr'>Ge.</span> <span class='ocrx_word' id='word_1_585' title='bbox 1937 4344 1992 4407; x_wconf 84' lang='grc' dir='ltr'><strong>Ι,</strong></span> <span class='ocrx_word' id='word_1_586' title='bbox 2046 4343 2161 4397; x_wconf 81' lang='lat'>105.</span> <span class='ocrx_word' id='word_1_587' title='bbox 2212 4344 2415 4397; x_wconf 82' lang='lat' dir='ltr'>collata</span> 
     </span>
     <span class='ocr_line' id='line_1_57' title="bbox 134 4405 2411 4477; baseline 0.003 -23"><span class='ocrx_word' id='word_1_588' title='bbox 134 4405 257 4459; x_wconf 75' lang='lat' dir='ltr'>vide.</span> <span class='ocrx_word' id='word_1_589' title='bbox 293 4409 409 4463; x_wconf 68' lang='grc' dir='ltr'>Δ(ΞΓ.</span> <span class='ocrx_word' id='word_1_590' title='bbox 461 4410 696 4466; x_wconf 87' lang='lat' dir='ltr'>omnino</span> <span class='ocrx_word' id='word_1_591' title='bbox 730 4411 912 4464; x_wconf 87' lang='lat' dir='ltr'>Bentl.</span> <span class='ocrx_word' id='word_1_592' title='bbox 964 4410 1033 4462; x_wconf 88' lang='lat' dir='ltr'>ad</span> <span class='ocrx_word' id='word_1_593' title='bbox 1075 4412 1215 4464; x_wconf 88' lang='lat' dir='ltr'>Hor.</span> <span class='ocrx_word' id='word_1_594' title='bbox 1249 4409 1356 4464; x_wconf 87' lang='lat' dir='ltr'>Od.</span> <span class='ocrx_word' id='word_1_595' title='bbox 1382 4410 1481 4477; x_wconf 90' lang='lat'>111,</span> <span class='ocrx_word' id='word_1_596' title='bbox 1520 4409 1617 4476; x_wconf 87' lang='grc'><strong>14,</strong></span> <span class='ocrx_word' id='word_1_597' title='bbox 1656 4415 1739 4464; x_wconf 88' lang='grc'>11.</span> <span class='ocrx_word' id='word_1_598' title='bbox 1791 4408 2084 4466; x_wconf 75' lang='lat' dir='ltr'>Heindorf.</span> <span class='ocrx_word' id='word_1_599' title='bbox 2122 4409 2411 4466; x_wconf 59' lang='lat' dir='ltr'>ad‘eiusd.</span> 
     </span>
    </p>
   </div>
  </div>
 </body>
</html>
