2870 4981
645 982 734 1057 P.
793 883 1333 1060 AVIRGILII
1394 980 1932 1060 MARole
2010 1029 2020 1045 ,
2444 1053 2451 1056 ,

158 1181 235 1282 Α
467 1174 552 1275 E
774 1172 894 1272 N·
1087 1172 1176 1271 E
1400 1174 1449 1271 1
1686 1176 1779 1272 Ι)
2034 1141 2118 1275 c
2298 1145 2445 1280 'S

455 1417 456 1422 1
521 1373 536 1410 ι*

747 1394 1112 1459 mnne
1178 1345 1831 1461 SECUNDUS.

812 1722 1745 1817 ‘AReUMENTUM

993 1925 1020 1940 *-

150 1996 185 2022 ,‚
206 1929 421 2011 Didus
458 1954 733 2009 voluntati
768 1967 979 2008 morem
1015 1970 1215 2026 gerens
1240 1955 1459 2010 Aeneas
1496 1952 1703 2009 excidii
1737 1953 1970 2008 Troiani
2005 1955 2208 2011 seriem
2240 1969 2444 2015 narrat.

149 2026 217 2077 Ea
243 2035 324 2080 est
354 2023 715 2077 huiusmodi:
751 2023 945 2076 Graeci
972 2023 1191 2078 decimo
1217 2021 1353 2075 belli
1381 2023 1612 2076 Troiani
1637 2040 1786 2076 anno
1802 2062 1817 2089 ‚
1851 2023 2046 2079 attritis
2070 2024 2181 2079 iam
2209 2027 2447 2096 viribus,

133 2093 447 2173 Virtutique
488 2090 833 2157 diffidentes,
884 2092 953 2143 ad
994 2092 1188 2145 dolum
1236 2090 1599 2162 confugiunt;
1643 2099 1921 2161 nocteque
1963 2110 2055 2158 ea,
2110 2112 2254 2165 quae
2289 2094 2450 2151 urbis

146 2159 468 2214 incendium
506 2159 1051 2229 antecessit,«sugam
1084 2158 1440 2223 simulantes,
1478 2158 1622 2211 circa
1650 2161 1947 2210 Tenedum
1970 2159 2215 2226 latitant,
2252 2163 2450 2215 relicto

146 2227 202 2281 in
232 2245 363 2299 agro
395 2226 646 2279 Troiano
683 2244 829 2297 equo
865 2225 1052 2293 ligneo
1085 2235 1268 2278 ‘tantae
1305 2225 1738 2295 magnitudinis,
1776 2235 1838 2278 ut
1876 2221 2046 2295 portis
2083 2226 2238 2282 urbis
2274 2230 2451 2297 recipi

144 2312 251 2349 non
297 2302 523 2363 posset,
588 2294 747 2347 cuius
795 2303 953 2346 utero
1000 2291 1362 2346 lectissimum
1411 2310 1696 2373 quemque
1746 2309 2039 2362 procerum
2085 2294 2447 2351 incluserant.

144 2362 367 2415 Troiani
425 2362 628 2427 partim
678 2359 875 2414 fraude
922 2360 1148 2413 Sinonis
1211 2360 1469 2428 impulsi,
1528 2360 1723 2429 partim
1786 2361 2117 2415 Laocoontis
2169 2364 2448 2433 supplicio

146 2431 341 2496 territi,
382 2429 565 2482 diruta
602 2430 747 2481 muri
788 2437 970 2498 parte,
1008 2427 1299 2480 inductum
1334 2444 1542 2501 equum
1580 2426 1640 2480 in
1675 2444 1801 2480 arce
1834 2436 2079 2481 statuunt
2114 2431 2446 2499 (1-249.>.

141 2501 306 2552 Nocte
340 2498 683 2576 intempesta
720 2497 945 2562 Graeci,
993 2514 1024 2551 a
1060 2495 1296 2549 Tenedo
1344 2496 1585 2562 reversi,
1637 2494 1707 2548 ab
1756 2497 2012 2562 armatis,
2059 2517 2200 2572 quos
2237 2500 2446 2569 Sinon,

142 2575 380 2619 :reserato
405 2583 437 2617 e
486 2583 540 2616 ιιι
570 2575 760 2630 utero,
799 2564 1025 2631 emittit,
1067 2563 1242 2629 caesis
1269 2563 1593 2616 custodibus
1620 2574 1932 2632 portarum,
1969 2565 2208 2634 recepti,
2246 2566 2448 2623 urbem

144 2633 419 2687 invadunt
499 2631 867 2698 250—267.).
938 2633 1157 2693 Aeneas
1193 2630 1413 2682 interim
1449 2629 1518 2683 ab
1554 2631 1899 2687 HectoreJins
1925 2634 2134 2686 somnis
2171 2635 2450 2688 admone--

141 2711 253 2768 tur,
291 2711 355 2763 ut
390 2699 504 2755 sibi
543 2700 669 2770 suga
695 2701 977 2766 consulat,
1018 2699 1264 2770 deosque
1298 2699 1503 2768 patrios
1537 2699 1799 2752 incendio
1826 2699 2020 2768 eripiat
2055 2701 2446 2769 (268—297.).

143 2771 237 2823 Ille
268 2779 463 2821 tamen
491 2768 779 2821 honestam
806 2777 1044 2821 mortem
1079 2765 1232 2834 turpi,
1254 2764 1417 2836 fugae
1445 2765 1794 2834 praeferens,
1831 2766 1893 2820 in
1919 2785 2070 2829 arma
2096 2769 2236 2833 ruit3
2278 2779 2448 2842 atque

141 2836 265 2892 satis
301 2835 547 2890 feliciter
581 2834 793 2904 primus
826 2836 1056 2907 quidem
1081 2834 1324 2901 ¹impetus.
1359 2833 1607 2887 succedit
1629 2833 1918 2905 Troianis,
1956 2835 2167 2901 donec,
2206 2837 2449 2893 Coroebi

140 2903 441 2958 consilium
480 2902 684 2968 secuti,
741 2903 936 2956 sumtis
981 2901 1224 2956 hostium
1260 2917 1547 2954 caesorum
1580 2902 1777 2969 armis,
1819 2911 1872 2954 et
1907 2919 1937 2953 a
1975 2903 2197 2958 Graecis
2237 2906 2446 2975 agniti,

141 2972 260 3026 telis
292 2970 616 3026 obruuntur
646 2969 1028 3036 (298—437.).
1075 2970 1305 3022 'Interea
1329 2969 1532 3022 Priami
1565 2969 1716 3039 regia
1745 2978 2126 3040 oppugnatur3
2161 2972 2448 3027 Priamus-

159 3057 247 3092 vue
296 3038 423 3108 ipse
472 3057 503 3091 a
537 3038 776 3107 Pyrrho,
828 3037 1067 3110 Achillis
1114 3035 1261 3102 filio,
1314 3035 1642 3091 interficitur
1691 3036 2131 3103 (438—.558.).‘
2193 3038 2444 3106 AeneaS,

164 3117 339 3161 rustra
375 3106 607 3160 tentatis
654 3104 953 3173 omnibus,
1002 3121 1176 3178 quum
1220 3103 1333 3157 iam
1386 3104 1529 3158 nihil
1581 3103 1699 3174 spei
1749 3106 2031 3175 reliquum
2060 3113 2243 3177 esset,
2293 3123 2482 3171 sacra,

141 3175 424 3229 Anchisae
464 3173 606 3242 patri
640 3172 963 3241 committit,
1014 3187 1195 3243 eoque
1229 3171 1290 3239 in
1321 3171 1588 3226 humeros
1622 3184 1768 3226 suos*
1787 3173 2036 3240 sublato,
2075 3173 2447 3257 assumtisque

140 3241 384 3296 Ascanio
436 3241 559 3295 filio
608 3250 663 3295 et
712 3240 920 3296 Creusa
961 3257 1171 3305 uxore,
1227 3239 1416 3310 sugam
1465 3238 1655 3309 arripit
1691 3239 2097 3308 (559-729.).
2184 3242 2379 3297 Graeci
2413 3260 2450 3297 a

141 3319 288 3379 tergo
322 3309 725 3382 insequuntur.
789 3312 855 3362 In
886 3326 953 3363 eo
979 3309 1222 3361 tumultu
1250 3306 1514 3360 Creusam
1541 3323 1775 3360 uxorem
1805 3307 2038 3361 amittit:
2075 3310 2233 3362 cuius
2266 3322 2450 3381 quaej-

140 3377 344 3431 rendae
381 3394 556 3432 causa
582 3395 684 3446 per
709 3385 877 3431 totam
911 3374 1111 3430 urbem
1146 3373 1425 3428 oberranti
1459 3372 1627 3429 obvia
1651 3373 1713 3429 fit
1734 3376 1923 3430 uxoris
1958 3375 2190 3442 umbra,
2223 3378 2449 3431 virum-

141 3462 247 3517 que
285 3445 494 3501 mortis
532 3462 668 3498 suae
700 3444 994 3500 certiorem
1030 3442 1162 3497 facit
1207 3442 1619 3509 (730—794.).
1700 3446 1850 3497 Tum
1885 3444 1956 3497 ad
1991 3444 2172 3499 socios
2205 3445 2448 3499 reverti-

142 3520 252 3579 tur,
291 3531 416 3594 quo
451 3513 569 3566 iam
598 3527 835 3584 magnus
867 3511 1117 3571 virorum
1148 3509 1564 3583 mulierumque
1605 3528 1872 3566 numerus
1907 3510 2274 3578 confluxerat,
2324 3512 2449 3568 eius

142 3580 497 3717 §gip301‘uuii
533 3596 874 3663 quocunque
905 3588 1177 3638 terrarum
1210 3576 1493 3637 abducere
1527 3581 1730 3649 vellet,
1770 3579 1933 3657 sequi
1970 3588 2195 3653 paratus
2225 3581 2448 3646 (795-

2057 3868 2078 3909 l
2122 3848 2123 3851 ,
