2870 4981
391 307 522 376 432
1122 309 1193 377 r.
1237 309 1573 377 menn
1615 267 2003 406 umoms

393 505 592 581 Nune,
635 500 808 578 olim,
853 519 1210 582 quecumque
1250 504 1467 563 dabunt
1512 523 1579 565 ee
1619 515 1870 585 tempore
1912 504 2088 571 vires.

395 590 601 651 Litora
643 587 911 648 litoribus
954 586 1280 664 contraria,
1323 589 1594 650 fluetibus
1638 594 1824 652 unctas

394 677 720 756 lenimur,
765 690 930 731 annua
975 670 1190 746 armis3
1239 682 1499 772 pag-nent
1541 673 1768 755 ipsique
1813 678 2202 755 nepotesque!

563 757 727 819 Haec
763 756 882 834 ait,
924 765 982 817 et
1025 757 1208 837 partis
1250 777 1508 818 :nmmum
1548 764 1819 820 versabat
1850 761 1923 820 'ln
1965 761 2191 840 omnis,
2596 766 2722 831 630

393 843 652 907 luvisam
695 859 980 921 quaerens
1021 861 1190 919 quiam
1235 843 1482 922 primum
1525 846 1866 924 abrumpere
1912 846 2118 910 lucem.

394 931 553 990 Tum
597 928 851 990 breviter
890 925 1114 988 Barcen
1159 927 1437 988 nutrirem
1480 930 1678 990 adfata
1722 931 2006 1009 δῖε-ᾖπῶς

396 1015 661 1093 Namque
705 1030 873 1072 suam
917 1010 1108 1091 patria
1148 1012 1387 1093 antiqua
1432 1013 1750 1075 ciuis-ater
1788 1017 2074 1083 hallelmt:

394 1184 464 1237 B·
489 1182 629 1233 Get·
663 1175 812 1243 ¹⁵6·)
848 1183 903 1229 et
924 1174 1108 1245 ferro
1134 1175 1492 1251 flauumque
1522 1194 1615 1248 ap.
1656 1177 1858 1233 smum
1886 1183 1994 1248 vl,
2030 1185 2187 1249 τοι,
2225 1182 2331 1237 ubi
2370 1186 2502 1242 vid.
2546 1192 2713 1250 nuk.

394 1279 465 1293 --
501 1251 625 1301 627.
681 1243 965 1299 dabunt
1013 1260 1123 1313 se,
1171 1255 1504 1315 suppetent,
1555 1264 1618 1303 se
1668 1246 1933 1315 oflerent,
1982 1262 2203 1319 paratae
2252 1264 2452 1310 erunt.
2535 1261 2715 1319 Thia,

343 1303 354 1316 ³
395 1317 588 1370 laudat
621 1316 755 1366 Ter.
795 1315 939 1366 Hec.
971 1312 1057 1377 111,
1089 1319 1140 1379 3,
1169 1317 1257 1366 20.
1301 1312 1561 1392 erunibus
1592 1312 1757 1371 nobis
1785 1326 1854 1370 ut
1884 1335 1981 1372 res
2013 1321 2159 1372 dant
2192 1337 2354 1389 sese,
2400 1323 2497 1378 ita
2532 1332 2720 1399 magn·

393 1394 571 1458 atque,
619 1377 861 1460 Ῐιξιηᾰῖεε
903 1396 1136 1448 summ,
1175 1390 1229 1433 et
1265 1383 1391 1434 Lw.
1422 1385 1689 1449 xxvm,
1725 1386 1796 1470 ⁵⁹.
1826 1387 2109 1465 &aproni
2143 1397 2375 1456 tempus
2410 1410 2491 1445 ac
2526 1412 2625 1447 res
2665 1416 2718 1453 ει

395 1453 604 1518 decret,
658 1448 851 1520 ibique
886 1448 1133 1502 Gronov.
1206 1447 1371 1501 Adde
1405 1450 1599 1503 Burm.
1637 1451 1708 1503 ad
1754 1456 1926 1505 braun
1961 1452 2173 1524 Cvneg.
2210 1459 2329 1511 143.
2408 1463 2491 1514 H.
2537 1464 2718 1521 minus

302 1547 320 1560 .
393 1529 524 1589 apte
552 1523 837 1584 comparat
859 1517 963 1568 Ge.
990 1516 1044 1581 1,
1071 1520 1193 1571 287.
1218 1514 1406 1569 multa
1428 1534 1492 1571 se
1512 1527 1678 1572 nome
1703 1519 1908 1574 melius
1929 1512 2161 1576 dedere.
2200 1552 2271 1563 -
2340 1526 2474 1581 629.
2511 1531 2716 1588 Versus

389 1584 755 1655 'hypermeter
788 1582 848 1636 in
882 1581 995 1635 fine
1027 1582 1198 1638 totius
1231 1585 1497 1638 orationis
1523 1586 1778 1653 plurimis
1815 1588 2125 1644 editoribus
2153 1596 2495 1660 scrupulum
2524 1601 2713 1668 movit,

396 1653 473 1707 ita
494 1663 550 1707 ut
579 1651 672 1704 alii
700 1651 1066 1717 (Heumann.
1089 1688 1104 1715 ,
1135 1651 1425 1704 Schrader.
1448 1690 1462 1712 ,
1495 1654 1611 1719 Η.)
1640 1664 1734 1706 aut
1761 1664 1935 1708 totum
1970 1656 2373 1713 hemistichion
2393 1701 2407 1726 ,
2442 1674 2542 1716 aut
2568 1679 2712 1722 certe

394 1725 756 1792 alterumque
768 1717 1015 1771 deletum
1032 1719 1256 1782 vellent,
1273 1718 1426 1785 prius
1441 1730 1623 1773 autem
1642 1739 1751 1793 qne
1763 1739 1864 1791 pro
1878 1741 2102 1797 qnoque
2115 1727 2360 1794 positum
2381 1733 2717 1804 acciperent,

396 1790 551 1860 (qua
605 1790 677 1840 de
721 1803 781 1839 re
817 1788 943 1841 Wr.
992 1786 1231 1839 conferri
1279 1784 1437 1840 iubet
1470 1788 1734 1844 Oudeud.
1789 1791 1860 1843 ad
1908 1792 2134 1860 Apulei.
2174 1795 2313 1847 Met.
2350 1799 2449 1850 VI.
2499 1818 2557 1868 p.
2591 1804 2710 1859 408.

395 1855 654 1925 llotting.
706 1853 779 1906 ad
828 1852 951 1907 Cic.
998 1853 1070 1906 de
1118 1854 1250 1907 Div.
1279 1857 1331 1918 1,
1371 1858 1426 1908 3.
1481 1865 1537 1908 et
1569 1857 1735 1911 Roth.
1787 1858 1847 1911 in
1895 1858 2141 1915 Seebod.
2198 1862 2411 1917 Neuen
2461 1868 2707 1926 Archiv.

399 1927 557 1978 1829.
589 1940 650 1976 n.
677 1927 772 1975 22.·
806 1938 865 1990 p.
893 1923 984 1975 85.
1005 1959 1022 1987 ,
1050 1920 1259 1993 quibus
1295 1921 1443 1975 adde
1467 1925 1642 1977 Drak.
1676 1925 1750 1978 ad
1781 1926 1908 1981 Liv.
1937 1928 2019 1993 V,
2052 1934 2149 1994 27,
2186 1935 2236 1983 1.
2277 1941 2334 1984 et
2371 1936 2712 1994 Boettieher.

397 1994 539 2046 Lex.
580 1992 719 2044 Tac.
758 2007 817 2059 p.
852 1987 1032 2055 177.),
1066 1988 1161 2042 alii
1197 2006 1332 2043 vero
1367 1992 1497 2045 loco
1527 1991 1859 2047 coniecturis
1894 2007 2311 2064 succurrerent,
2356 2003 2518 2055 velut
2552 2006 2714 2060 W'ei—

395 2060 624 2116 chet-tus
676 2056 749 2110 de
793 2073 959 2111 versu
1007 2056 1085 2124 hy
1130 2073 1265 2110 erm.
1301 2073 1358 2124 p.
1395 2063 1484 2112 20.
1528 2077 1618 2131 sq.
1666 2062 1974 2115 corxiiciens
2026 2080 2195 2117 arma
2232 2068 2423 2121 tantais
2444 2085 2711 2141 pugnem

393 2125 626 2199 ipsique
664 2134 921 2194 penates·
1003 2125 1079 2177 Mi
1127 2124 1143 2177 i
1192 2124 1335 2178 nihil
1382 2128 1716 2181 mutandum
1766 2128 2015 2196 videtur,
2064 2133 2197 2199 sed,
2249 2152 2431 2206 quum
2486 2141 2712 2206 plurimi

396 2192 595 2265 optimi
642 2210 711 2245 ue
737 2189 920 2245 Codd.
955 2201 1296 2266 nepotesque
1332 2193 1670 2262 exhibeant,
1708 2195 1919 2250 librarii
1953 2209 2138 2252 autem
2163 2205 2429 2271 copulam
2470 2205 2530 2258 in
2559 2208 2714 2264 eius-

398 2261 557 2318 modi
629 2258 746 2314 ocis
795 2259 984 2314 delere
1033 2259 1216 2328 potius
1253 2277 1421 2332 quam
1462 2261 1672 2316 addere
1716 2267 1961 2330 soleant,
2013 2283 2239 2321 versum
2285 2269 2713 2337 hypermetrum

396 2330 526 2386 iure
560 2345 589 2380 a
625 2330 752 2382 VVr.
793 2326 1086 2383 defensum
1121 2325 1390 2395 arbitror,
1425 2331 1526 2400 qui
1562 2341 1781 2399 censet,
1815 2333 2166 2405 ..Virgilium
2206 2335 2326 2405 ipsa
2372 2340 2714 2407 hypermetri

397 2397 619 2451 ratione
666 2394 953 2464 aptissime
1000 2394 1284 2450 adiuvisse
1335 2395 1607 2466 impetum
1661 2398 1777 2453 irae
1826 2401 1888 2454 in
1920 2400 2068 2454 hanc
2101 2411 2413 2459 extremam
2454 2426 2713 2465 exsecra-

398 2466 612 2521 tionem
649 2462 1015 2533 erumpentis.
1040 2462 1077 2489 “
1143 2449 1408 2533 Suspicor
1443 2464 1629 2534 enirn,
1676 2468 1898 2538 poetam
1946 2467 2180 2542 pingere
2202 2471 2505 2529 Didonem
2544 2478 2714 2536 nimio

398 2534 602 2589 affectu.
629 2530 916 2603 nimiaque
948 2531 1238 2604 loquendi,
1254 2532 1612 2587 contentione
1648 2553 1824 2605 paene
1859 2537 2228 2592 exanimatam
2260 2550 2325 2594 et·
2348 2541 2496 2597 haec
2525 2548 2712 2602 ultima

349 2622 358 2631 ’
399 2600 574 2657 verba
602 2597 903 2668 interrupte
929 2614 1181 2671 voceque
1208 2599 1506 2653 anhelante
1530 2613 1586 2656 et
1611 2603 1905 2657 deficiente
1930 2621 2094 2675 aegre
2124 2607 2501 2668 emittentem.
2555 2613 2717 2670 Cete-

401 2685 528 2724 rum
556 2664 844 2721 adsentior
863 2665 1087 2729 Iahnio,
1121 2668 1259 2720 haec
1280 2668 1605 2723 adnotantie
1635 2671 1813 2738 „Mihi
1838 2674 2020 2726 omnis
2045 2672 2343 2732 difficultas
2377 2694 2712 2737 evanescere

400 2736 655 2799 videtur,
703 2733 749 2787 si
797 2732 938 2787 haec
968 2733 1141 2787 verba
1174 2736 1247 2787 de
1281 2735 1478 2790 Aenea
1511 2737 1746 2813 eiusque
1784 2739 1949 2794 sociis
1982 2742 2287 2812 acceperis.
2359 2747 2531 2802 Diras
2568 2753 2712 2805 enim

399 2803 553 2857 Dido
600 2799 715 2855 illis
765 2799 1098 2870 imprecatur
1144 2811 1199 2855 et
1243 2802 1422 2858 serius
1469 2806 1626 2860 ocius
1678 2808 1917 2861 ultorem
1962 2806 2074 2862 sibi
2119 2821 2367 2880 exoptat.
2456 2817 2711 2891 Denique

401 2877 735 2941 apprecatur
776 2877 1065 2922 aeteruum
1111 2869 1306 2923 odium
1343 2880 1398 2924 et
1432 2885 1763 2942 perpetuum
1805 2885 2120 2944 certamen,
2171 2887 2231 2931 ut
2263 2896 2459 2951 pugna
2497 2898 2711 2941 maneat

404 2948 473 2993 et
507 2936 710 3005 ipsos
731 2973 746 3003 ,
780 2936 1034 2990 Aeneam
1068 2947 1123 2991 et
1156 2937 1367 3005 socios,
1405 2950 1459 2992 et
1496 2952 1808 3023 nepotes
1836 2960 2029 2996 eorum
2050 2974 2085 2984 -
2108 2955 2219 2998 -ut
2255 2949 2459 3001 odium
2490 2953 2711 3008 Aeneae

375 3015 585 3069 ,morte
613 3022 729 3058 non
755 3003 1155 3073 restinguatur,
1188 3006 1287 3059 sed
1320 3022 1508 3078 pugna
1539 3012 1707 3063 etnam
1731 3020 1981 3079 posteros
2008 3015 2310 3068 manean‘*
2364 3016 2710 3076 Sententiam

404 3083 597 3127 tamen
646 3071 812 3125 etiam
865 3073 1038 3126 altero
1080 3089 1196 3146 que
1237 3073 1446 3128 omisso
1480 3094 1596 3130 non
1631 3077 1832 3132 mutari
1865 3087 2035 3147 puto3
2081 3097 2211 3133 nam
2251 3082 2350 3153 qui
2390 3085 2565 3153 dicit,
2591 3107 2706 3157 pu-

396 3149 580 3214 gnent
601 3136 827 3212 ipsique
851 3149 1118 3209 aqum-s,
1152 3139 1193 3194 i.
1224 3158 1277 3194 e.
1308 3140 1414 3210 ipsi
1485 3161 1670 3217 uoque
1690 3155 1925 3214 nepotes
1950 3157 2232 3218 pugnent,
2255 3150 2415 3203 hunc
2446 3154 2618 3208 simul
2636 3158 2710 3213 de

407 3206 633 3279 proavis
667 3204 945 3274 cogitare,
991 3217 1243 3276 apertum
1280 3218 1383 3264 est.
1511 3214 1643 3283 ulgo
1688 3212 1829 3266 haec
1860 3215 2030 3268 verba
2069 3218 2215 3268 male
2247 3219 2324 3270 de
2358 3219 2713 3292 Carthagini-

405 3272 640 3335 ensibus
676 3272 1081 3343 intelliguntur.
1106 3303 1177 3317 —-·
1240 3277 1365 3330 631.
1402 3276 1846 3350 abrumpere
1879 3279 2132 3336 lucem.
2175 3285 2470 3342 Schirach.
2507 3309 2565 3358 p.
2595 3293 2709 3347 314.

408 3343 482 3397 ad
532 3339 690 3394 filum
740 3339 889 3393 vitae
934 3357 966 3393 a
999 3341 1185 3395 Parcis
1232 3350 1464 3397 tractum
1495 3347 1728 3415 spectari
1760 3358 1936 3416 putat.
2009 3349 2098 3404 Cl'.
2136 3350 2350 3408 similes
2380 3358 2541 3410 locos
2578 3361 2708 3414 Seu.

408 3407 619 3464 Troad.
640 3410 757 3463 939.
792 3405 925 3462 abr.
967 3425 1100 3462 ense
1131 3407 1279 3465 lucis
1310 3410 1530 3466 invisae
1559 3431 1774 3471 moras,
1816 3415 1890 3470 id.
1926 3419 2091 3483 Herc.
2128 3420 2246 3474 Oet.
2272 3424 2392 3477 893.
2416 3427 2571 3492 fam
2605 3445 2712 3483 sua

409 3472 790 3545 abrmnpere,
827 3484 880 3527 et
915 3475 1061 3529 iufra
1096 3479 1240 3531 Aen.
1271 3480 1408 3545 vm,
1450 3485 1566 3535 579.
1604 3492 1657 3535 et
1689 3486 1800 3550 lx,
1835 3484 1954 3540 497.
2023 3486 2303 3557 Imprimis
2335 3489 2504 3545 etiam
2543 3495 2615 3546 de
2645 3495 2711 3550 iis

410 3542 648 3610 dicitur,
697 3541 794 3616 qui
849 3542 956 3613 ipsi
1005 3542 1152 3597 vitae
1198 3562 1331 3600 suae
1375 3548 1493 3601 vim
1544 3547 1808 3604 inl'erunt.
1854 3579 1923 3592 —-
1973 3554 2106 3608 632.
2145 3558 2268 3620 „Ut
2315 3560 2441 3612 sola
2489 3570 2547 3613 et
2592 3562 2709 3617 sine

409 3608 617 3667 arbitro
650 3618 821 3678 esset,
858 3628 1033 3683 quum
1070 3621 1306 3667 mortem
1342 3614 1451 3669 sibi
1487 3615 1690 3671 inferre
1725 3618 2087 3688 decrevisset,
2124 3624 2369 3691 Barcen,
2405 3646 2555 3698 quae
2588 3646 2712 3685 cum

408 3681 532 3761 ipsa
560 3687 690 3745 erat,
718 3678 863 3733 foras
878 3677 1102 3749 ablegit.
1123 3683 1191 3721 '—
1212 3684 1330 3735 633.
1354 3685 1523 3738 Suam
1551 3685 1821 3739 nutricem
1846 3688 1955 3741 iam
1980 3688 2112 3742 olim
2135 3695 2285 3760 apud
2311 3692 2526 3761 Tyrum
2548 3715 2702 3767 sepe·

409 3745 773 3803 iuverat.“H.
805 3750 971 3800 Hunc
989 3764 1231 3813 versum,
1259 3751 1522 3819 Bryanto,
1549 3753 1860 3810 Schrader-o
1878 3760 1931 3808 et
1955 3757 2179 3824 Heynio
2205 3772 2546 3832 suspectum,
2567 3776 2710 3820 recte

411 3813 786 3871 defenderunt
821 3816 1008 3869 Burm.
1053 3816 1112 3869 in
1146 3813 1308 3871 Obss.
1343 3819 1579 3873 Miscell.
1605 3824 1643 3872 1.
1681 3839 1733 3889 p.
1769 3828 1848 3877 13.
1871 3864 1885 3890 ,
1933 3826 2029 3877 W.
2058 3825 2121 3879 in
2158 3827 2333 3895 Epist.
2363 3829 2435 3883 ad
2473 3835 2709 3888 Heeren.

375 3897 468 3954 Δρ.
498 3882 651 3936 XIV.
698 3891 755 3935 et
789 3883 942 3949 Wr„
990 3882 1089 3955 qui
1135 3885 1512 3953 contendunt,
1562 3890 1762 3944 eodem
1812 3891 1962 3951 iure,
2012 3910 2130 3963 quo
2178 3897 2394 3953 dicatur
2422 3902 2711 3957 -r‘edacws

409 3967 541 4007 sum
561 3948 626 4004 in
648 3947 916 4018 cinerem,
946 3949 1095 4006 cinfs
1117 3968 1268 4019 sum,
1299 3953 1469 4008 licere
1497 3956 1662 4010 etiam
1695 3960 1894 4027 poe’tae
1918 3958 2104 4015 dicere
2128 3961 2276 4018 cinis
2295 3982 2385 4019 me
2405 3964 2600 4037 habet,
2630 3978 2710 4031 (ut

409 4016 549 4073 alibi
597 4015 856 4085 tumulo,
900 4032 1060 4073 urna
1100 4016 1305 4073 Imberi
1348 4021 1599 4078 defuncti
1647 4024 2082 4094 perhibeantur)
2117 4030 2173 4083 id
2216 4048 2292 4085 ue
2325 4032 2514 4102 ipsum
2549 4052 2707 4090 com-

405 4083 630 4154 probari
662 4084 884 4141 duobus
908 4084 1222 4142 Aristotelis
1247 4088 1581 4158 Epigramm.
1622 4093 1816 4177 [Anth.
1845 4097 1939 4149 Gr.
1963 4100 2004 4149 Ι.
2038 4115 2093 4166 p.
2124 4105 2185 4151 11
2228 4136 2242 4152 .
2268 4102 2402 4167 Iac.]
2439 4100 2709 4178 υἷὸνιὲπρ-

391 4148 574 4217 ,θύμου
603 4150 879 4219 Εὐαίμονος
897 4182 966 4196 -
986 4149 1066 4219 ἥδε
1087 4155 1213 4217 κόνις
1245 4166 1447 4226 κατέχει
1482 4167 1536 4213 et
1568 4157 1853 4231 Ευριῖπυλον
1888 4162 2088 4235 κρύπτει
2119 4169 2415 4237 δακρυόεσσα
2452 4173 2602 4239 κόνιςς
2617 4191 2710 4229 -ex

403 4234 627 4277 summo
650 4230 853 4289 autem,
879 4221 979 4294 qui
1003 4221 1169 4276 suerit
1192 4224 1341 4292 apud
1372 4235 1607 4294 veteres,
1637 4229 1914 4284 nutricum
1934 4233 2153 4288 honore
2172 4235 2326 4289 hunc
2353 4254 2576 4293 versum
2599 4242 2709 4296 mi-

401 4286 558 4343 nime
570 4284 845 4341 absonum
871 4306 995 4344 esse
1008 4289 1167 4343 facile
1192 4291 1560 4348 demonstrari
1587 4308 1781 4364 posse3
1812 4316 1929 4369 quo
1955 4301 2138 4356 deleto
2152 4320 2268 4356 non
2297 4321 2587 4377 apparere,
2615 4303 2708 4364 cu'r

404 4353 660 4426 Sychaei,
683 4355 1239 4425 nonipsiusDidonis
1252 4360 1527 4419 nutricem
1542 4362 1700 4431 poeta
1715 4380 2133 4423 commemoret.
2166 4375 2263 4425 De<
2307 4373 2704 4432 ron.reflexivo

402 4439 620 4492 suus,
657 4423 812 4494 quod
845 4422 940 4478 hie
973 4441 1075 4495 pro
1101 4424 1227 4481 eius
1257 4427 1506 4496 positum
1541 4429 1796 4500 videtur,
1831 4435 1934 4490 sed
1971 4453 2070 4505 pro
2112 4447 2195 4493 ter
2297 4457 2462 4494 ocum
2502 4442 2701 4499 habere

400 4500 608 4562 potest,
644 4491 799 4564 quart
835 4489 1030 4563 haece
1054 4492 1324 4563 Didonis,
1360 4509 1479 4554 non
1513 4515 1584 4557 ex
1617 4498 1903 4570 scriptoris
1924 4516 2055 4563 men
2148 4507 2212 4564 iu
2316 4508 2329 4522 ’
2366 4511 2517 4571 enda
2550 4523 2692 4580 sumt,

2448 4800 2479 4823 A.
