2870 4981
414 328 545 395 132
1149 319 1226 383 P..
1259 315 1596 381 vinoun
1618 311 2008 394 ΜΑΒΟΝΙΒ

419 520 498 581 At
539 518 741 576 domus
784 509 1026 571 interior
1059 505 1250 588 regali
1293 504 1597 587 splendida
1640 499 1784 566 luitu
1830 555 1835 566 .

414 599 764 676 Instruitur,
811 593 1128 673 mediisque
1171 600 1380 671 purant
1422 590 1690 652 convivia
1732 588 1932 651 tectis:

417 688 559 750 Arte
606 684 902 744 laboratae
942 681 1136 742 vestes
1178 685 1449 757 ostroque
1491 677 1778 757 superbo,

418 854 748 926 titumque
794 844 945 915 dii,
998 843 1060 898 h.
1113 860 1164 897 e.
1213 840 1365 914 diei:
1421 850 1487 894 ut
1531 838 1704 907 tauri,
1757 857 1920 909 sues,
1968 858 2222 915 ovesque
2266 859 2395 897 cum
2429 844 2722 916 agnis¹siut

415 938 686 985 munera,
738 913 949 989 quibus
989 912 1144 966 diem
1190 920 1302 976 tam
1351 909 1598 963 faustum
1644 907 1897 962 hilariter
1927 911 2169 981 exigant.
2241 912 2383 965 Sunt
2421 918 2490 965 τὰ
2524 913 2718 983 ξεινήϊα,

417 1005 657 1047 :munera
680 981 1036 1054 hospitalia.“
1053 979 1140 1035 H.
1197 977 1421 1031 Retinui
1450 977 1680 1050 quidem
1702 977 1849 1031 hanc
1873 979 2171 1032 lectionem
2197 978 2268 1033 ab
2292 982 2362 1033 H.
2429 982 2719 1050 Brunckic,

418 1057 649 1122 Iahnio,
693 1056 936 1122 Wagn.,
983 1047 1243 1114 Thielio,
1295 1047 1420 1101 aliis
1471 1046 1789 1112 defensam,
1884 1047 1941 1100 ui
1977 1064 2175 1102 omnes
2223 1067 2282 1102 se
2326 1059 2535 1102 unnim·
2566 1051 2721 1106 Gellii

421 1123 836 1186 auctoritatem,
890 1122 1001 1186 lX,
1045 1116 1126 1170 14.
1176 1116 1258 1170 sic
1305 1112 1635 1175 scribentis:
1689 1113 1765 1168 In
1807 1063 1913 1169 illo
1947 1132 2121 1169 versu
2152 1066 2323 1170 nihil³
2335 1116 2578 1171 dubium
2611 1129 2714 1188 est,

415 1193 562 1269 quin
597 1187 942 1258 (Virgilius)
983 1183 1097 1239 dii
1129 1182 1429 1253 scripserit
1453 1199 1574 1253 pro
1609 1180 1806 1237 diei.-
1841 1182 2161 1237 Munera
2199 1182 2718 1259 laetitiamque

422 1260 541 1316 dii
555 1277 577 1315 .·
628 1257 788 1331 quod
834 1254 909 1309 im
954 1251 1219 1306 em’tiores
1257 1249 1354 1304 dei
1385 1249 1583 1321 legunt
1597 1287 1620 1317 ,
1669 1248 1745 1303 ab
1792 1248 2099 1305 insolentia
2129 1250 2345 1323 scilicet
2378 1252 2533 1307 vocis
2564 1252 2720 1312 istius

420 1328 850 1388 abhorrentes.
951 1319 1006 1373 ic
1054 1329 1246 1374 autem
1291 1318 1454 1372 dies
1504 1316 1617 1370 dii
1664 1335 1704 1371 a
1750 1317 2036 1371 veteribus
2086 1318 2435 1374 declinatum
2485 1331 2603 1388 est,
2665 1331 2721 1375 ut

412 1400 667 1469 fames
699 1388 900 1463 fami
946 1398 1082 1453 etc.;
1134 1387 1235 1441 sed
1290 1387 1361 1438 de
1398 1386 1520 1439 eius
1569 1385 1800 1438 veritate
1851 1385 1992 1438 mihi
2035 1388 2288 1439 nondum
2340 1405 2463 1441 esse
2499 1405 2717 1458 persua-

424 1481 553 1519 sum
590 1463 784 1514 fateor.
851 1460 921 1509 Ut
972 1455 1121 1509 enim
1158 1472 1276 1507 non
1328 1470 1654 1524 oppugnent
1688 1453 1841 1506 illam
1880 1454 2113 1507 secundi
2146 1471 2308 1509 casus
2341 1456 2610 1523 sormam,
2658 1458 2719 1510 de

423 1549 535 1606 qua
588 1527 750 1588 e'runt
794 1526 1026 1579 sortasse
1074 1523 1171 1594 qui
1226 1520 1516 1587 dubitent,
1565 1529 1741 1601 quum
1778 1521 2050 1591 Virgilius
2097 1520 2157 1574 in
2207 1525 2379 1575 altero
2419 1526 2577 1590 loco,
2629 1523 2717 1578 ubi

419 1598 655 1667 pristina
688 1593 857 1648 huius
894 1589 1155 1647 vocabuli
1191 1588 1454 1643 flectendi
1490 1598 1705 1643 ratione
1741 1590 1944 1655 utitur,
1998 1591 2097 1641 Ge.
2124 1593 2177 1656 Ι,
2215 1594 2367 1656 208.,
2397 1591 2519 1657 (ad
2557 1610 2717 1665 quem

416 1670 461 1721 1.
498 1665 614 1718 vid.
665 1660 915 1724 adnott.)
970 1660 1153 1728 potius
1206 1656 1302 1711 die
1349 1656 1660 1726 scripserit,
1715 1674 2057 1729 quamquam
2105 1658 2293 1711 literas
2342 1676 2374 1711 e
2421 1668 2474 1711 et
2520 1657 2717 1713 ianti-

421 1731 717 1806 quior-ibus
765 1725 1115 1798 temporibus
1164 1725 1479 1780 sexcenties
1512 1723 1774 1777 confusas
1814 1743 1934 1778 esse
1969 1735 2215 1792 constat,
2263 1725 2336 1778 ita
2373 1735 2433 1779 ut
2470 1726 2635 1780 etiam
2668 1730 2720 1782 in

420 1799 681 1869 illoipso
718 1799 919 1865 Georg.
955 1799 1081 1848 loco
1116 1793 1330 1847 Charis.
1379 1810 1434 1860 p.
1473 1796 1591 1845 101.
1618 1790 1727 1844 *dii
1770 1791 2038 1872 scriptum
2078 1792 2248 1847 fuisse
2287 1796 2617 1862 contendat3
2668 1805 2721 1850 ut

418 1887 586 1941 porro
626 1883 743 1919 non
793 1880 1073 1932 opponam
1110 1860 1292 1915 Codd.
1330 1861 1747 1926 auctoritatem,
1840 1879 1894 1912 ui
1943 1878 2140 1915 omnes
2181 1862 2296 1914 sere
2331 1860 2429 1914 dei
2467 1863 2719 1917 videntur

419 1935 692 1991 exhibere
726 1934 892 1998 (nam
932 1932 1044 1984 duo
1079 1928 1251 1983 modo
1283 1926 1483 1980 Pariss.
1518 1926 1671 1993 diei,
1724 1945 1801 1979 nu
1830 1931 1949 1993 lus,
1997 1938 2267 2000 quantum
2307 1929 2507 1995 sciam,
2555 1930 2643 1984 dii
2676 1950 2716 1986 s-

419 2005 518 2058 die
553 1998 928 2080 suppeditat),
964 2015 1141 2071 quum
1175 1994 1506 2049 insolentior
1547 1994 1640 2047 illa
1678 2003 1730 2046 et
1763 1994 2019 2049 obsoleta
2049 1995 2228 2050 forma
2263 2014 2363 2066 pro
2398 2015 2564 2051 causa
2600 2016 2717 2054 cor·-

418 2091 485 2126 ru
529 2070 699 2123 tionis
732 2066 927 2120 haberi
966 2066 1173 2133 possit3
1212 2063 1330 2131 ipsa
1354 2071 1545 2115 tamen
1581 2063 1855 2116 sententia
1894 2064 2015 2115 talis
2054 2073 2171 2130 est,
2209 2083 2352 2137 quae
2390 2082 2718 2136 magnopere

417 2158 454 2193 0
498 2138 696 2200 endat,
756 2134 1054 2202 Virgilium
1103 2150 1171 2185 ue
1221 2128 1373 2183 aliud
1448 2129 1586 2203 quid
1648 2130 1937 2199 scripsisse
1969 2130 2178 2184 -iubeat
2221 2133 2511 2201 suspicari.
2592 2137 2718 2205 Quis

387 2206 601 2270 *enirm
654 2197 822 2274 qufin
871 2220 988 2255 non
1035 2217 1200 2269 pane
1256 2196 1395 2267 fugit
1440 2208 1698 2251 veterum
1748 2198 1981 2252 vivendi
2030 2200 2205 2267 ratio,
2264 2201 2552 2273 ipsiusque
2603 2205 2718 2266 Ma·-

374 2300 386 2305 —
419 2274 574 2330 mnis
629 2272 700 2322 de
746 2270 834 2323 his
882 2268 1051 2321 rebus
1086 2266 1358 2340 loquendi
1395 2283 1520 2319 mos
1557 2275 1613 2319 et
1645 2268 1996 2321 consuetudo
2037 2268 2145 2331 (cf.
2187 2269 2329 2321 Aen.
2356 2270 2415 2335 I,
2458 2272 2571 2323 195.
2606 2272 2716 2328 724.

418 2346 519 2407 ΠΙ,
558 2343 677 2392 630.
711 2339 819 2404 ⁴V,
859 2339 1136 2402 248.,1x,
1182 2337 1300 2389 165.
1339 2337 1508 2400 cett.)
1532 2372 1546 2400 ,
1602 2330 1714 2388 sibi
1753 2336 2089 2403 persuadere
2129 2345 2338 2404 potest,
2394 2338 2615 2405 poetam
2659 2335 2716 2393 in

418 2400 801 2472 describendo
839 2403 1087 2460 convivii
1121 2413 1233 2457 tam
1268 2400 1404 2454 lauti
1448 2400 1694 2473 laetique
1744 2413 2010 2471 apparatu
2062 2401 2315 2456 ciborum
2353 2405 2524 2459 modo
2558 2424 2715 2460 men-

418 2478 630 2531 tionem
684 2473 910 2542 secisse,
967 2489 1179 2542 eosque
1229 2480 1340 2523 tam
1393 2480 1649 2523 accurate
1696 2479 2082 2539 enumerasse,
2131 2472 2329 2525 vinum
2378 2489 2545 2542 vero,
2596 2492 2714 2529 cer-

416 2544 692 2601 tissimum
728 2541 1045 2594 communis
1074 2539 1315 2592 laetitiae
1349 2537 1803 2604 incitamentum,
1842 2555 2069 2611 prorsus
2104 2540 2386 2594 tacuisse?
2432 2542 2523 2594 cui
2556 2542 2713 2601 etiam

416 2607 712 2684 probabile
746 2608 1031 2675 videatur,
1070 2624 1102 2660 a
1133 2607 1292 2673 poi-ita
1337 2614 1448 2657 tam
1490 2604 1683 2659 subtili
1724 2607 1942 2674 pulchri
1979 2608 2316 2679 venustique
2352 2626 2520 2663 sensu
2557 2628 2713 2680 prae-

417 2679 537 2733 dito
572 2686 816 2743 tauros,
855 2693 1021 2742 sues,
1059 2691 1243 2743 agnos
1274 2671 1558 2727 laetitiam
1590 2671 1710 2726 diei
1733 2675 2046 2743 appellari?
2116 2675 2276 2746 Quod
2315 2694 2485 2748 quam
2520 2678 2713 2734 mirum

418 2753 565 2801 esset
653 2741 790 2796 robe
852 2743 1155 2797 sentientes
1206 2728 1437 2804 Heius„
1500 2742 1727 2807 Burm.,
1789 2742 2023 2797 Bothius
2087 2745 2328 2808 (collato
2381 2744 2592 2800 Iacobs.
2646 2748 2712 2800 ad

417 2813 610 2870 Antho
634 2849 651 2862 .
689 2812 857 2863 Palat.
895 2827 950 2891 p.
980 2810 1179 2875 225.)‚
1228 2807 1355 2873 alii,
1404 2807 1708 2861 lectionem
1743 2808 1840 2861 dei
1872 2813 2280 2879 amplectuntur
2318 2820 2372 2864 et
2415 2812 2485 2864 de
2522 2815 2715 2869 Bacchi

415 2877 751 2947 muneribus
787 2887 1064 2948 cogitant,
1114 2893 1285 2948 quem
1326 2875 1495 2926 deum
1535 2893 1708 2947 quum
1746 2874 1839 2928 alii
1878 2879 2105 2947 poetae,
2138 2889 2258 2932 tum
2299 2881 2565 2951 Virgilius
2600 2883 2711 2953 ipse

417 2949 562 3004 infra
597 2959 657 3001 v:
678 2946 797 3000 734.
831 2945 1089 3001 laetitiae
1121 2947 1383 2999 datorem
1415 2953 1762 3011 nuncupent.
1792 2988 1797 2991 ,
1831 2947 1956 2999 VVr.
1992 2948 2254 3018 opponit,
2290 2949 2569 3002 Bacchum
2603 2970 2714 3007 non

416 3015 746 3085 simpliciter
799 3014 896 3068 dei
940 3012 1172 3068 nomine
1231 3010 1414 3081 posito
1481 3011 1760 3081 designari
1827 3013 2108 3082 potuisse3
2172 3015 2324 3097 quod
2378 3033 2495 3069 non
2539 3021 2710 3074 audeo

414 3102 641 3156 negare.
711 3085 774 3136 In
823 3092 1080 3153 promptu
1114 3090 1258 3134 esset
1298 3078 1616 3132 coniectura
1663 3097 1905 3134 munera
1955 3080 2303 3156 laetitiaque
2349 3082 2480 3152 dei,
2537 3104 2709 3158 quae,

460 3169 593 3206 uum
633 3150 799 3204 etiam
851 3151 909 3204 in
957 3148 1171 3222 antiqui
1216 3148 1415 3218 poetae
1464 3162 1627 3201 versu
1674 3148 1823 3217 apud
1866 3148 1983 3202 Cic.
2019 3154 2189 3205 Tusc.
2215 3155 2268 3218 I,
2307 3156 2404 3218 28,
2444 3154 2530 3208 69.
2578 3153 2713 3209 vites

416 3172 708 3283 Jaetr‘ficae
771 3226 1313 3283 commemorentur,
1357 3226 1604 3268 ‘omnem
1668 3214 2074 3271 dubitationem
2138 3221 2385 3286 tolleret,
2427 3221 2501 3274 si
2546 3214 2710 3286 modo

416 3285 689 3355 Virgilius
734 3286 972 3338 aliorum
1032 3285 1321 3353 poetarum
1382 3283 1846 3337 consuetudinem
1891 3295 2246 3356 sequeretur,
2314 3287 2413 3360 qui
2463 3293 2714 3357 copulam

502 3370 532 3406 e
577 3351 861 3405 interdum
912 3352 1069 3405 alteri
1122 3352 1382 3416 demum,
1414 3349 1631 3417 tertio,
1683 3360 1880 3424 quarto
1927 3353 2238 3407 sententiae
2290 3352 2564 3410 vocabulo
2609 3360 2710 3410 ad-

414 3428 651 3491 iungant
698 3419 850 3482 (vid.
901 3421 1112 3472 adnott.
1164 3419 1232 3470 ad
1273 3420 1371 3470 Ge.
1399 3418 1505 3482 IV,
1537 3418 1846 3485 22.)3.sed
1886 3437 2062 3492 quum
2101 3423 2259 3488 VVr.‚
2307 3432 2526 3490 auctor,
2561 3424 2609 3480 si
2644 3426 2712 3478 de

416 3506 524 3547 usu
557 3485 867 3556 virgiliano
901 3487 1214 3557 quaeritur,
1265 3484 1762 3554 locupletissimus,
1816 3487 1926 3542 hoc
1973 3505 2103 3542 cum
2152 3490 2354 3561 exigua
2391 3493 2713 3561 exceptione

417 3564 590 3636 neget
655 3552 1082 3620 (vim-ibim),
1145 3553 1523 3606 coniecturam
1580 3571 1763 3617 meam
1819 3555 2062 3610 libenter
2122 3557 2371 3612 retinens
2436 3561 2711 3641 suspicor,

325 3640 332 3647 ’
420 3625 677 3697 poetam,
724 3639 857 3674 vere
893 3623 963 3676 de
999 3622 1134 3676 vino
1168 3621 1535 3692 cogitantem,
1586 3622 1779 3695 utique
1812 3625 2099 3694 scripsisse
2124 3642 2375 3681 ,munera
2410 3624 2711 3682 laetetimn·

422 3710 535 3768 que
567 3688 696 3756 dei,
748 3689 821 3742 ita
855 3691 1085 3762 quidem
1127 3698 1216 3751 ut,
1268 3704 1446 3759 quum
1495 3688 1662 3742 deum
1698 3691 2014 3758 praedicato
2048 3691 2239 3763 aliquo
2280 3692 2470 3747 minus
2505 3696 2716 3764 vulgari

419 3769 478 3812 et
513 3759 713 3813 usitato
748 3758 1054 3812 accuratius
1088 3756 1335 3809 indicare
1381 3756 1580 3821 vellet,
1633 3758 1783 3827 quod
1833 3776 1946 3813 non
1980 3761 2163 3812 statim
2199 3757 2309 3814 sibi
2342 3772 2714 3828 succurreret,

419 3844 642 3880 versum
680 3827 836 3879 alteri
860 3823 1174 3879 recensioni
1209 3822 1594 3890 imperfectum
1630 3823 1980 3898 relinquere,
2017 3845 2186 3900 quam
2220 3827 2412 3880 tritum
2449 3829 2717 3901 quiddam

418 3904 474 3948 et
553 3892 901 3948 uotidianum
938 3889 1457 3962 ponere‘maluerit.
1529 3889 1647 3950 (Cf.
1687 3891 1852 3945 etiam
1900 3912 2065 3963 supra
2109 3895 2179 3948 ad
2216 3912 2271 3948 V.
2300 3893 2423 3949 534.
2462 3896 2712 3964 adnott.)

421 3992 488 4003 -
521 4016 524 4020 Α
554 3967 635 4015 37.
672 3965 837 4028 „Iam
876 3961 1125 4015 Catullus
1159 3959 1376 4012 dixerat
1408 3958 1622 4025 LXIV,
1657 3960 1744 4012 46.
1830 3978 2134 4035 uacunque
2177 3961 2456 4032 omma
2485 3966 2714 4019 recessit

419 4027 613 4098 Regia
648 4059 675 4072 -
712 4059 738 4070 -
785 4030 934 4085 Tota
978 4031 1182 4082 doinus
1222 4027 1446 4096 gaudet
1490 4025 1682 4095 regali
1726 3978 2036 4096 splendida
2061 4046 2241 4097 gaza.
2319 4031 2545 4096 [Burm.
2585 4049 2716 4086 cum

418 4096 573 4149 Serv.
603 4095 812 4165 splen
828 4097 905 4150 di
916 4100 1012 4150 da¹
1039 4096 1312 4163 explicat:
1346 4102 1406 4146 ut
1432 4094 1725 4160 splendida
1754 4096 1856 4160 sit,
1885 4092 2197 4164 splendida
2220 4095 2538 4153 insumitur·
2563 4098 2714 4152 acci-

414 4161 576 4230 piens
611 4180 713 4230 pro
747 4164 1048 4233 splendide
1081 4160 1439 4227 instruitur,
1473 4162 1600 4212 coll.
1628 4178 1798 4230 supra
1831 4179 1883 4215 V.
1916 4165 2034 4217 506.
2091 4165 2212 4232 Vn,
2248 4166 2368 4219 343.
2410 4168 2552 4232 vm,
2590 4170 2712 4233 30.;

416 4230 567 4299 quod
616 4229 713 4281 vix
749 4231 1119 4299 probaveris:
1163 4227 1480 4298 Splendere
1515 4236 1699 4280 autem
1737 4239 1793 4283 et
1837 4228 2183 4299 splendidus
2220 4232 2291 4298 de
2325 4235 2572 4288 convivii
2605 4251 2713 4304 ap·-

413 4304 603 4360 paratu
640 4299 862 4364 proprie
908 4299 1052 4365 dici,
1104 4299 1484 4351 demonstrare
1531 4296 1716 4348 studet
1748 4299 1878 4351 coll.
1924 4299 2062 4354 locis
2101 4299 2215 4352 Cic.
2253 4317 2338 4368 pr.
2377 4303 2594 4368 Quinct.
2622 4307 2711 4355 30.

338 4405 343 4409 .
412 4360 608 4415 Claud.
645 4364 710 4414 B.
745 4364 892 4418 Gild.
933 4371 1049 4422 181.
1096 4366 1155 4418 in
1187 4362 1369 4431 Rufinfl.
1407 4365 1482 4429 ΙΙ,
1521 4361 1639 4416 340.
1687 4374 1742 4419 et
1778 4366 1970 4421 adnot.
2004 4367 2073 4424 ad
2109 4367 2345 4420 Phaedr.
2379 4372 2544 4436 XIV,
2581 4370 2703 4435 24.]

403 4458 474 4489 -.-
521 4426 717 4489 luxu
748 4437 1030 4500 praeclare
1076 4451 1180 4504 pro
1222 4439 1490 4503 apparatu
1524 4432 1719 4504 regali.
1751 4462 1822 4476 -
1886 4435 2008 4493 639.
2045 4430 2374 4505 Brevitatisss
2423 4447 2608 4509 utpote
2642 4436 2706 4491 in

563 4563 586 4593 (⁴
