2870 4981
2351 278 2354 281 “
2363 274 2390 293 ,Ι

166 256 217 321 ””
300 324 307 329 κ
1022 299 1131 369 -m
1194 299 1657 379 mmm
2072 392 2086 404 J
2325 334 2360 351 »-
2429 308 2497 377 ἐ

198 511 264 571 ex
300 489 557 574 poeticae
611 487 892 555 orationis
929 488 1141 570 genio,
1207 497 1491 572 quatenns
1532 488 1596 555 in
1639 499 1896 573 tumque*
1937 513 2166 565 sumn
2205 498 2494 580 peu-tecta-

199 599 294 660 que
337 578 485 639 ratio
533 575 864 659 qunaeritur,
923 574 1169 656 repetita
1208 586 1381 654 sunt,
1442 586 1501 638 et
1551 576 1728 638 facile
1773 579 1953 659 repeti
1997 584 2277 662 possunt3
2334 608 2394 650 v.
2435 610 2490 652 e.

200 683 330 744 qnae
386 664 457 723 de
500 661 775 743 episodiis
820 672 1026 743 argute
1083 659 1278 741 magis
1321 680 1498 743 quam
1538 682 1675 724 vere
1720 663 2103 743 disputantur.
2187 668 2390 751 Neque
2431 673 2491 735 in

193 749 278 810 bis
319 747 536 814 animus
571 746 979 827 generosiores
1020 746 1114 806 diu
1160 744 1400 808 detineri
1430 746 1633 811 velim.
1721 748 2018 825 Quorsum
2054 752 2210 815 enim
2252 777 2493 836 operose

195 833 360 896 multa
402 832 765 895 conscribere
807 830 901 894 vel
947 851 1429 908 commemorare,
1487 842 1551 895 ιιι
1592 828 1842 913 factum,
1898 836 2048 916 qnod
2092 853 2495 916 argumentum

194 917 404 999 epicum
459 917 782 994 contineat,
858 918 1067 978 doceas
1132 936 1264 978 esse
1324 919 1533 980 debere
1594 939 1812 996 unum,
1888 929 1946 981 et
2006 922 2368 1004 absolutum,
2437 938 2494 990 et

194 1003 343 1065 iutra.
372 1002 589 1069 iustum
624 1001 895 1082 temporis
938 1000 1187 1082 spatium
1211 1002 1736 1082 comprehensum?
1781 1024 2055 1085 quorsum
2101 1010 2171 1068 de
2219 1015 2492 1074 nectendo

193 1098 248 1150 ct
295 1087 659 1149 dissolvendo
715 1089 899 1165 nodo,
958 1086 1020 1149 h.
1065 1108 1119 1151 e.
1174 1087 1609 1150 difficultatibus
1666 1089 1839 1150 motis
1905 1091 1997 1152 vel
2062 1092 2303 1156 obiectis
2321 1096 2353 1156 ’.ἱ
2423 1100 2492 1159 de

178 1172 565 1255 ‚episodiornm
599 1172 877 1255 affinitate
910 1182 966 1233 et
1004 1192 1159 1232 nexu
1202 1192 1332 1234 cnm
1363 1171 1530 1254 epica
1576 1175 1946 1236 narratione?
1990 1198 2139 1258 quae
2168 1176 2493 1257 intelligere

190 1271 246 1322 et
285 1258 513 1340 assequi
557 1259 709 1319 baud
764 1259 906 1318 adeo
954 1256 1188 1318 difficile
1241 1267 1353 1325 est.
1451 1257 1531 1320 Ut
1576 1278 1715 1320 vero
1762 1260 2065 1324 admiratio
2112 1262 2196 1323 rei
2242 1282 2493 1345 magnae

190 1336 435 1406 animum
479 1344 671 1404 tenere
704 1352 760 1405 et
798 1341 1171 1404 delectatione
1212 1343 1558 1423 perfundere
1592 1343 1810 1424 possit,
1854 1345 1984 1427 quis
2027 1365 2140 1408 non
2186 1349 2374 1424 videt,
2423 1373 2495 1414 ea

189 1430 373 1494 omnia
415 1449 453 1490 a
498 1436 668 1510 poeta
711 1428 903 1488 curari
945 1437 1004 1488 et
1045 1428 1342 1506 sagaciter
1391 1429 1684 1507 provideri
1727 1432 1970 1508 debere,
2029 1454 2178 1512 quae
2223 1437 2296 1495 ad
2352 1436 2492 1497 illud

186 1514 486 1580 consilium
541 1515 852 1594 prodesse,
910 1512 1103 1574 caveri
1164 1533 1270 1590 ea,
1333 1534 1483 1593 quae
1543 1516 1749 1575 obesse
1791 1515 2065 1595 possint?
2123 1527 2256 1579 ante
2300 1522 2494 1582 omnia

185 1599 411 1665 lectoris
441 1599 707 1663 animum
762 1597 1089 1679 argumenti
1135 1597 1366 1659 notione
1410 1598 1610 1679 aliqua
1647 1619 1778 1660 esse
1822 1600 2222 1680 imbuendum,
2283 1615 2346 1666 ut
2386 1627 2493 1667 nec

185 1695 372 1750 tamen
431 1684 787 1760 exsatietur,
842 1683 903 1758 in
955 1682 1200 1742 mediam
1246 1702 1370 1744 rem
1412 1703 1546 1744 esse
1590 1684 1953 1764 rapiendum,
2028 1697 2112 1747 ut.
2143 1707 2248 1749 nec
2303 1700 2494 1752 tamen

181 1791 370 1849 rernm
422 1768 649 1833 novitas
711 1766 1061 1830 obscuritate
1118 1766 1376 1846 laboret3
1433 1789 1719 1849 quumque
1785 1771 1980 1839 omnia
2041 1774 2113 1833 ad
2172 1793 2380 1836 sensns
2435 1786 2493 1837 et

179 1853 588 1940 phantasmata
640 1853 700 1914 in
757 1852 1027 1914 carmine,
1054 1855 1325 1930 redeant,
1387 1873 1581 1914 rerum
1636 1854 1987 1916 obiecturum
2030 1858 2364 1939 praestigiis
2411 1861 2494 1922 ita

178 1940 566 2011 deliniendum
613 1948 670 2000 et
720 1932 1083 2016 fallendum,'
1131 1946 1193 1998 ιιι
1235 1937 1355 1999 iam
1396 1938 1458 1998 in
1518 1938 1638 1999 alia
1682 1960 1875 2001 rerum
1921 1951 2127 2003 natura
2171 1953 2227 2004 et
2269 1945 2490 2024 ordine,

179 2025 296 2103 alia
323 2023 658 2105 cogitandi,
702 2023 1016 2100 sentiendi,
1061 2031 1117 2083 et
1145 2022 1499 2103 agendi'via
1532 2033 1588 2083 et
1629 2024 1886 2102 ratione,
1932 2027 2067 2088 aliis
2112 2029 2491 2109 temporibus,

141 2111 324 2175 ‘inter
365 2110 522 2172 alios
573 2108 869 2185 homines,
941 2118 999 2189 et
1043 2116 1214 2169 extra
1270 2128 1337 2169 se
1384 2108 1729 2189 solitumque
1774 2109 1927 2172 vitae
1973 2122 2228 2173 tenorem
2274 2115 2493 2175 consti—

176 2206 365 2275 tutus,
430 2194 492 2256 iu
547 2193 690 2254 nihil
737 2192 980 2269 incidat,
1018 2213 1164 2274 *quo
1208 2193 1657 2273 expergefactus
1719 2195 1885 2274 quasi
1931 2216 2007 2256 ex
2050 2216 2225 2258 anre·
2268 2200 2492 2259 somnio

171 2281 283 2344 sibi
329 2280 533 2347 lusum
573 2278 700 2339 fieri
749 2279 1205 2355 animadvertam
1262 2278 1320 2338 id
1364 2280 1515 2359 quod
1558 2278 1687 2338 siue
1733 2277 2131 2358 indignatione
2173 2290 2231 2341 et
2289 2285 2493 2362 poeni·

173 2367 349 2430 tentia
386 2365 592 2444 aliqua
633 2363 789 2441 eins,
835 2362 932 2444 qui
978 2364 1053 2424 ad
1096 2383 1160 2424 se
1205 2361 1404 2439 rediit,
1450 2361 1576 2432 fieri
1619 2384 1735 2424 non
1775 2373 1983 2442 potest.
2000 2365 2040 2394 ‘⁶

335 2449 718 2530 „virgiliani
776 2447 980 2529 igitur·
1008 2446 1282 2510 carminis
1343 2449 1507 2510 dotes
1560 2457 1622 2509 ιιι
1667 2458 1819 2511 recte
1863 2449 2195 2512 discernant
2240 2471 2310 2513 ac
2356 2474 2492 2534 per-

166 2535 469 2619 spiciunt,
505 2538 577 2596 ad
624 2534 680 2595 id
721 2534 1019 2596 intendant
1063 2534 1289 2595 animos
1328 2533 1762 2612 adolescentes,
1813 2544 1873 2595 ut
1920 2546 2192 2616 quantum
2225 2559 2399 2617 qunm
2431 2540 2489 2599 iu

170 2633 286 2684 toto
318 2630 670 2702 argumento
691 2667 708 2698 ,
759 2630 875 2682 tum
906 2619 966 2679 in
996 2617 1246 2699 singulis
1270 2618 1532 2699 partibus
1575 2618 1715 2679 insit
1748 2620 1820 2679 ad
1861 2631 2079 2682 mentes
2113 2623 2492 2685 admiratione

164 2728 279 2788 non
316 2708 455 2767 siue
483 2705 775 2787 voluptate
807 2706 1111 2781 tenendas,
1150 2704 1533 2767 considerent.
1617 2699 1948 2784 Exponitnr
1977 2726 2014 2766 a
2042 2714 2212 2785 poeta
2241 2706 2490 2791 Aeneae,

167 2812 242 2854 ex
284 2791 489 2864 Troia
530 2801 697 2871 capta
748 2789 1013 2870 profugi,
1076 2793 1206 2869 post
1250 2787 1459 2867 longos
1503 2809 1732 2850 errores
1782 2789 1844 2849 in
1887 2789 2122 2851 Latium
2178 2794 2491 2868 adventnS‚

163 2889 340 2959 utque
392 2876 636 2938 condita
688 2877 761 2935 ab
826 2896 894 2935 eo
941 2874 1000 2934 iu
1057 2874 1152 2935 his
1200 2872 1345 2934 locis
1389 2872 1467 2934 sit
1513 2874 1902 2935 Troianorum
1956 2874 2183 2937 colonia
2231 2897 2494 2958 novaque

164 2972 375 3043 parata
416 2964 632 3024 sedes,
730 2960 1034 3021 Debebant
1088 2960 1232 3020 baec
1276 2967 1430 3019 certo
1485 2959 1727 3023 consilio
1773 2979 1904 3020 esse
1948 2971 2254 3039 suscepta3
2320 2983 2495 3042 quum

161 3060 358 3109 autem
413 3045 684 3106 Troiano
726 3043 944 3105 homiui
997 3044 1102 3105 vix
1145 3043 1204 3104 iu
1259 3042 1515 3104 animum
1573 3044 1771 3108 venire
1825 3054 2064 3124 posset,
2113 3054 2176 3104 ιιι
2219 3046 2278 3106 iu
2324 3045 2494 3110 terris

162 3130 516 3212 longinquis
577 3139 633 3191 et
687 3129 907 3209 ignotis
963 3140 1181 3191 certum
1235 3128 1427 3192 auimo
1488 3128 1856 3208 designatum
1913 3123 2098 3190 locum
2136 3133 2493 3211 'intrueret-et,

157 3231 521 3298 opportune,
564 3215 822 3276 adhibita
852 3223 1013 3275 «sunt
1058 3214 1184 3276 fata
1243 3233 1280 3274 a
1330 3212 1443 3275 diis
1488 3223 1826 3278 monstrata.
1936 3213 2084 3292 Quis
2145 3226 2336 3277 autem
2379 3237 2494 3278 nou

157 3302 333 3363 facile
366 3300 722 3379 intelligat,
781 3319 906 3362 rem
949 3319 1080 3361 esse
1125 3317 1435 3377 magnam,
1496 3301 1771 3375 arduam,
1835 3309 1893 3361 et
1937 3300 2333 3362 admirationis
2382 3301 2497 3362 ali·

159 3397 448 3468 qnantum
503 3387 841 3461 habentem,
906 3387 1054 3465 quod
1099 3384 1381 3464 profugus
1426 3405 1501 3445 ex
1541 3386 1683 3445 urbe
1727 3384 1965 3446 incensa
1997 3395 2065 3448 ‚et
2109 3386 2309 3464 exsul,
2355 3386 2494 3448 fatis

155 3472 558 3548 ducentibus,
619 3470 682 3531 in
723 3479 842 3529 tam
883 3468 1202 3549 longinqua
1248 3480 1432 3546 terra,
1491 3468 1548 3528 in
1595 3469 1820 3544 Latio,
1853 3491 2040 3532 novas
2082 3474 2249 3532 sedes
2287 3471 2496 3550 ponit?

156 3557 307 3635 Quis
370 3577 505 3619 non
564 3554 625 3615 iu
669 3553 908 3635 summis
956 3553 1227 3634 periculis
1286 3573 1356 3614 ac
1398 3552 1860 3631 discriminibus,
1916 3554 1977 3616 iu
2025 3554 2396 3633 navigatione
2438 3567 2495 3617 et

152 3661 289 3704 mox
341 3642 409 3702 in
454 3642 485 3702 1
499 3638 639 3701 talia
674 3639 945 3716 obiectis,
993 3638 1163 3718 inque
1198 3636 1369 3699 malis
1412 3647 1512 3699 ειιιι
1539 3638 1766 3702 fortiter
1808 3639 2068 3702 toleratis
2110 3648 2210 3699 aut
2237 3639 2495 3703 animose

156 3726 423 3808 depulsis
480 3745 693 3787 novam
738 3723 1133 3786 admirationis
1189 3722 1533 3785 efficiendae*
1565 3724 1759 3785 videat
1809 3745 1940 3787 esse
1981 3722 2331 3786 materiam?
2390 3746 2498 3788 nec

152 3812 348 3873 miuus
418 3812 491 3877 in
551 3809 805 3890 singulis
872 3807 1143 3870 carminis
1203 3807 1501 3887 partibus,
1569 3808 1628 3869 in
1684 3809 1976 3887 moribus,
2034 3808 2096 3869 iu
2146 3808 2395 3871 motibus
2439 3820 2496 3871 et

156 3898 478 3958 affectibus
548 3895 757 3971 animi,
821 3894 878 3955 iu
936 3893 1287 3956 sententiis?
1357 3903 1413 3953 et
1468 3893 1652 3955 eidem
1711 3894 1955 3955 consilio
2008 3896 2497 3958 accommodatum

150 4002 287 4045 esse
328 3979 638 4044 orationis
683 4000 870 4060 genus
907 3989 963 4040 et
1007 3976 1255 4039 colorem
1298 3987 1356 4039 et
1398 3981 1783 4040 ornamenta?
1855 3980 1955 4040 Ex
1987 3976 2193 4057 quibus
2227 3978 2497 4059 volupta-

156 4076 264 4130 tem
302 4067 617 4129 maiorem
656 4064 915 4146 profecto
973 4064 1032 4123 iu
1077 4063 1408 4141 Romanos,
1475 4064 1683 4144 quilms
1740 4064 1838 4124 ille
1898 4062 2160 4143 scripsit,
2221 4065 2394 4144 quam
2433 4063 2495 4125 in

155 4172 292 4233 nos,
343 4152 760 4227 redundasse,
805 4148 1253 4210 existimandum
1294 4157 1402 4212 est.
1486 4148 1621 4230 lpse
1663 4168 1857 4210 rerum
1899 4157 2264 4209 narratarum
2293 4168 2495 4210 ‚nexus

155 4258 280 4300 cnm
334 4240 545 4299 rebus
601 4233 918 4312 RomaniS,
981 4231 1191 4295 animis
1247 4233 1539 4295 revocatis
1596 4234 1670 4294 ad
1727 4251 1928 4294 earum
1985 4231 2243 4312 origines
2300 4244 2356 4294 et
2420 4235 2493 4304 ad

156 4323 367 4405 stirpes
416 4318 669 4403 gentis:
712 4328 874 4400 parte
911 4339 985 4380 ex
1010 4318 1266 4381 Homero
1308 4318 1525 4400 petita,
1568 4320 1733 4399 parte
1772 4337 1849 4377 ex
1893 4317 2233 4398 antiquitate
2268 4315 2493 4392 Italiae,

142 4405 398 4493 filique,
448 4404 648 4476 veluti
673 4403 1077 4486 fundamento,
1119 4412 1553 4496 superstructa?
1599 4422 1716 4484 qua
1744 4411 1802 4465 et
1831 4401 1886 4464 is
1928 4402 2352 4551 ‹kilgctabatum
2398 4400 2497 4478 qui

184 4545 223 4590 7⁵
288 4559 317 4576 ¹¹*
382 4557 417 4590 ’ἡ
