<?xml version="1.0" encoding="UTF-8"?>
<!DOCTYPE html PUBLIC "-//W3C//DTD XHTML 1.0 Transitional//EN"
    "http://www.w3.org/TR/xhtml1/DTD/xhtml1-transitional.dtd">
<html xmlns="http://www.w3.org/1999/xhtml" xml:lang="en" lang="en">
 <head>
  <title>
</title>
<meta http-equiv="Content-Type" content="text/html;charset=utf-8" />
  <meta name='ocr-system' content='tesseract 3.04.00' />
  <meta name='ocr-capabilities' content='ocr_page ocr_carea ocr_par ocr_line ocrx_word'/>
</head>
<body>
  <div class='ocr_page' id='page_1' title='image "./pvirgiliimaroni00forbgoog_0303.png"; bbox 0 0 2870 4981; ppageno 0'>
   <div class='ocr_carea' id='block_1_1' title="bbox 906 294 2454 576">
    <p class='ocr_par' dir='ltr' id='par_1_1' title="bbox 906 294 2454 576">
     <span class='ocr_line' id='line_1_1' title="bbox 906 294 2454 389; baseline 0.01 -16"><span class='ocrx_word' id='word_1_1' title='bbox 906 294 1320 377; x_wconf 63' lang='lat' dir='ltr'><strong>ammons</strong></span> <span class='ocrx_word' id='word_1_2' title='bbox 1381 299 1540 380; x_wconf 76' lang='lat' dir='ltr'><strong>mn.</strong></span> <span class='ocrx_word' id='word_1_3' title='bbox 1572 306 1684 382; x_wconf 87' lang='lat'><strong>111.</strong></span> <span class='ocrx_word' id='word_1_4' title='bbox 1902 302 1910 315; x_wconf 71' lang='grc'><strong>“</strong></span> <span class='ocrx_word' id='word_1_5' title='bbox 2159 316 2174 329; x_wconf 73' lang='lat'><strong><em>‘</em></strong></span> <span class='ocrx_word' id='word_1_6' title='bbox 2295 314 2454 389; x_wconf 63' lang='lat' dir='ltr'><strong>aa!</strong></span> 
     </span>
     <span class='ocr_line' id='line_1_2' title="bbox 2361 505 2452 576; baseline 0 -3"><span class='ocrx_word' id='word_1_7' title='bbox 2361 505 2452 576; x_wconf 78' lang='lat' dir='ltr'><strong>co</strong></span> 
     </span>
    </p>
   </div>
   <div class='ocr_carea' id='block_1_2' title="bbox 148 495 2447 1516">
    <p class='ocr_par' dir='ltr' id='par_1_2' title="bbox 148 495 2447 1516">
     <span class='ocr_line' id='line_1_3' title="bbox 315 495 2126 588; baseline 0.002 -23"><span class='ocrx_word' id='word_1_8' title='bbox 315 497 433 565; x_wconf 76' lang='lat' dir='ltr'><strong>vix</strong></span> <span class='ocrx_word' id='word_1_9' title='bbox 473 517 546 561; x_wconf 87' lang='lat' dir='ltr'><strong>ea</strong></span> <span class='ocrx_word' id='word_1_10' title='bbox 581 495 744 563; x_wconf 81' lang='lat' dir='ltr'><strong>fatus</strong></span> <span class='ocrx_word' id='word_1_11' title='bbox 784 506 976 579; x_wconf 70' lang='lat' dir='ltr'><strong>erana,</strong></span> <span class='ocrx_word' id='word_1_12' title='bbox 1019 509 1267 562; x_wconf 85' lang='lat' dir='ltr'><strong>tremere</strong></span> <span class='ocrx_word' id='word_1_13' title='bbox 1301 498 1497 564; x_wconf 80' lang='lat' dir='ltr'><strong>omnia</strong></span> <span class='ocrx_word' id='word_1_14' title='bbox 1535 500 1670 565; x_wconf 60' lang='lat' dir='ltr'><strong>visu</strong></span> <span class='ocrx_word' id='word_1_15' title='bbox 1711 502 1985 588; x_wconf 73' lang='lat' dir='ltr'><strong>repente,</strong></span> <span class='ocrx_word' id='word_1_16' title='bbox 2037 525 2042 529; x_wconf 82' lang='grc'><em>·</em></span> <span class='ocrx_word' id='word_1_17' title='bbox 2118 513 2126 523; x_wconf 87' lang='grc'><strong>’</strong></span> 
     </span>
     <span class='ocr_line' id='line_1_4' title="bbox 157 584 1592 666; baseline -0.001 -16"><span class='ocrx_word' id='word_1_18' title='bbox 157 584 511 665; x_wconf 79' lang='lat' dir='ltr'><strong>Liminaque</strong></span> <span class='ocrx_word' id='word_1_19' title='bbox 536 585 851 666; x_wconf 85' lang='lat' dir='ltr'><strong>laurusque</strong></span> <span class='ocrx_word' id='word_1_20' title='bbox 892 585 1017 664; x_wconf 90' lang='lat' dir='ltr'><strong>dei,</strong></span> <span class='ocrx_word' id='word_1_21' title='bbox 1064 594 1325 664; x_wconf 86' lang='lat' dir='ltr'><strong>totusque</strong></span> <span class='ocrx_word' id='word_1_22' title='bbox 1369 587 1592 649; x_wconf 82' lang='lat' dir='ltr'><strong>moveri</strong></span> 
     </span>
     <span class='ocr_line' id='line_1_5' title="bbox 155 668 1793 751; baseline 0.002 -17"><span class='ocrx_word' id='word_1_23' title='bbox 155 672 319 735; x_wconf 82' lang='lat' dir='ltr'><strong>Mons</strong></span> <span class='ocrx_word' id='word_1_24' title='bbox 363 670 611 747; x_wconf 85' lang='lat' dir='ltr'><strong>circum,</strong></span> <span class='ocrx_word' id='word_1_25' title='bbox 656 677 714 731; x_wconf 84' lang='lat' dir='ltr'><strong>et</strong></span> <span class='ocrx_word' id='word_1_26' title='bbox 751 669 982 749; x_wconf 79' lang='lat' dir='ltr'><strong>mugire</strong></span> <span class='ocrx_word' id='word_1_27' title='bbox 1020 668 1215 751; x_wconf 78' lang='lat' dir='ltr'><strong>adytis</strong></span> <span class='ocrx_word' id='word_1_28' title='bbox 1256 670 1481 733; x_wconf 84' lang='lat' dir='ltr'><strong>cortina</strong></span> <span class='ocrx_word' id='word_1_29' title='bbox 1523 671 1793 738; x_wconf 75' lang='lat' dir='ltr'><strong>reclusis.</strong></span> 
     </span>
     <span class='ocr_line' id='line_1_6' title="bbox 157 754 1860 834; baseline 0.002 -15"><span class='ocrx_word' id='word_1_30' title='bbox 157 755 433 819; x_wconf 79' lang='lat' dir='ltr'>Submissi</span> <span class='ocrx_word' id='word_1_31' title='bbox 478 754 726 834; x_wconf 85' lang='lat' dir='ltr'><strong>petimus</strong></span> <span class='ocrx_word' id='word_1_32' title='bbox 772 764 1016 833; x_wconf 89' lang='lat' dir='ltr'><strong>terram,</strong></span> <span class='ocrx_word' id='word_1_33' title='bbox 1057 765 1115 816; x_wconf 86' lang='lat' dir='ltr'><strong>et</strong></span> <span class='ocrx_word' id='word_1_34' title='bbox 1155 756 1503 827; x_wconf 55' lang='lat' dir='ltr'><strong>voxffiertnr</strong></span> <span class='ocrx_word' id='word_1_35' title='bbox 1542 760 1617 818; x_wconf 85' lang='lat' dir='ltr'><strong>ud</strong></span> <span class='ocrx_word' id='word_1_36' title='bbox 1660 758 1860 822; x_wconf 80' lang='lat' dir='ltr'><strong>auris:</strong></span> 
     </span>
     <span class='ocr_line' id='line_1_7' title="bbox 153 839 1722 922; baseline -0.001 -17"><span class='ocrx_word' id='word_1_37' title='bbox 153 840 508 905; x_wconf 73' lang='lat' dir='ltr'><strong>Dardanidae</strong></span> <span class='ocrx_word' id='word_1_38' title='bbox 551 839 721 917; x_wconf 74' lang='lat' dir='ltr'><strong>duri,</strong></span> <span class='ocrx_word' id='word_1_39' title='bbox 748 859 911 920; x_wconf 60' lang='lat' dir='ltr'><strong>quae</strong></span> <span class='ocrx_word' id='word_1_40' title='bbox 950 861 1065 902; x_wconf 82' lang='lat' dir='ltr'><strong>vos</strong></span> <span class='ocrx_word' id='word_1_41' title='bbox 1101 860 1141 901; x_wconf 84' lang='lat' dir='ltr'><strong>a</strong></span> <span class='ocrx_word' id='word_1_42' title='bbox 1184 839 1368 919; x_wconf 85' lang='lat' dir='ltr'><strong>stirpe</strong></span> <span class='ocrx_word' id='word_1_43' title='bbox 1413 853 1722 922; x_wconf 76' lang='lat' dir='ltr'><strong>parentum</strong></span> 
     </span>
     <span class='ocr_line' id='line_1_8' title="bbox 151 923 2447 1003; baseline 0.001 -16"><span class='ocrx_word' id='word_1_44' title='bbox 151 926 337 990; x_wconf 84' lang='lat' dir='ltr'><strong>Prima</strong></span> <span class='ocrx_word' id='word_1_45' title='bbox 383 923 510 986; x_wconf 89' lang='lat' dir='ltr'><strong>tulit</strong></span> <span class='ocrx_word' id='word_1_46' title='bbox 550 924 753 1003; x_wconf 89' lang='lat' dir='ltr'><strong>tellus,</strong></span> <span class='ocrx_word' id='word_1_47' title='bbox 796 927 993 986; x_wconf 86' lang='lat' dir='ltr'><strong>eadem</strong></span> <span class='ocrx_word' id='word_1_48' title='bbox 1040 944 1145 987; x_wconf 84' lang='lat' dir='ltr'><strong>vos</strong></span> <span class='ocrx_word' id='word_1_49' title='bbox 1185 927 1361 986; x_wconf 82' lang='lat' dir='ltr'><strong>ubere</strong></span> <span class='ocrx_word' id='word_1_50' title='bbox 1402 926 1558 988; x_wconf 85' lang='lat' dir='ltr'><strong>laeto</strong></span> <span class='ocrx_word' id='word_1_51' title='bbox 2361 929 2447 996; x_wconf 73' lang='lat'><strong>95</strong></span> 
     </span>
     <span class='ocr_line' id='line_1_9' title="bbox 151 1010 1731 1092; baseline -0.001 -18"><span class='ocrx_word' id='word_1_52' title='bbox 151 1010 396 1092; x_wconf 79' lang='lat' dir='ltr'><strong>Accipiet</strong></span> <span class='ocrx_word' id='word_1_53' title='bbox 433 1012 694 1074; x_wconf 76' lang='lat' dir='ltr'><strong>reduces,</strong></span> <span class='ocrx_word' id='word_1_54' title='bbox 730 1012 734 1017; x_wconf 75' lang='grc'>’</span> <span class='ocrx_word' id='word_1_55' title='bbox 778 1010 1085 1091; x_wconf 78' lang='lat' dir='ltr'><strong>Antiquam</strong></span> <span class='ocrx_word' id='word_1_56' title='bbox 1138 1010 1424 1089; x_wconf 75' lang='lat' dir='ltr'><strong>exquirite</strong></span> <span class='ocrx_word' id='word_1_57' title='bbox 1467 1020 1731 1091; x_wconf 78' lang='lat' dir='ltr'><strong>matrem.</strong></span> 
     </span>
     <span class='ocr_line' id='line_1_10' title="bbox 150 1095 1695 1181; baseline -0.001 -21"><span class='ocrx_word' id='word_1_58' title='bbox 150 1097 254 1160; x_wconf 88' lang='lat' dir='ltr'><strong>Hic</strong></span> <span class='ocrx_word' id='word_1_59' title='bbox 293 1097 496 1157; x_wconf 89' lang='lat' dir='ltr'><strong>domus</strong></span> <span class='ocrx_word' id='word_1_60' title='bbox 539 1095 771 1156; x_wconf 87' lang='lat' dir='ltr'><strong>Aeneae</strong></span> <span class='ocrx_word' id='word_1_61' title='bbox 812 1095 1031 1181; x_wconf 73' lang='lat' dir='ltr'><strong>curretis</strong></span> <span class='ocrx_word' id='word_1_62' title='bbox 1074 1096 1460 1157; x_wconf 79' lang='lat' dir='ltr'><strong>dominabitur</strong></span> <span class='ocrx_word' id='word_1_63' title='bbox 1502 1095 1695 1177; x_wconf 69' lang='lat' dir='ltr'><strong>oris„</strong></span> 
     </span>
     <span class='ocr_line' id='line_1_11' title="bbox 149 1179 1706 1259; baseline -0.001 -15"><span class='ocrx_word' id='word_1_64' title='bbox 149 1182 223 1244; x_wconf 89' lang='lat' dir='ltr'><strong>Et</strong></span> <span class='ocrx_word' id='word_1_65' title='bbox 261 1180 379 1241; x_wconf 87' lang='lat' dir='ltr'><strong>nati</strong></span> <span class='ocrx_word' id='word_1_66' title='bbox 422 1187 713 1258; x_wconf 84' lang='lat' dir='ltr'><strong>natorum,</strong></span> <span class='ocrx_word' id='word_1_67' title='bbox 756 1188 813 1241; x_wconf 86' lang='lat' dir='ltr'><strong>et</strong></span> <span class='ocrx_word' id='word_1_68' title='bbox 855 1180 953 1259; x_wconf 89' lang='lat' dir='ltr'><strong>qni</strong></span> <span class='ocrx_word' id='word_1_69' title='bbox 1000 1191 1310 1241; x_wconf 83' lang='lat' dir='ltr'><strong>nascentur</strong></span> <span class='ocrx_word' id='word_1_70' title='bbox 1350 1183 1426 1241; x_wconf 80' lang='lat' dir='ltr'><strong>ab</strong></span> <span class='ocrx_word' id='word_1_71' title='bbox 1473 1179 1616 1245; x_wconf 82' lang='lat' dir='ltr'><strong>illis.</strong></span> <span class='ocrx_word' id='word_1_72' title='bbox 1703 1228 1706 1233; x_wconf 71' lang='lat'><em>·</em></span> 
     </span>
     <span class='ocr_line' id='line_1_12' title="bbox 148 1262 1777 1345; baseline -0.002 -16"><span class='ocrx_word' id='word_1_73' title='bbox 148 1266 299 1335; x_wconf 79' lang='lat' dir='ltr'><strong>Haec</strong></span> <span class='ocrx_word' id='word_1_74' title='bbox 341 1262 655 1342; x_wconf 71' lang='lat' dir='ltr'><strong>Phoebust,</strong></span> <span class='ocrx_word' id='word_1_75' title='bbox 697 1265 989 1344; x_wconf 86' lang='lat' dir='ltr'><strong>mixtoque</strong></span> <span class='ocrx_word' id='word_1_76' title='bbox 1034 1266 1243 1345; x_wconf 81' lang='lat' dir='ltr'><strong>ingens</strong></span> <span class='ocrx_word' id='word_1_77' title='bbox 1286 1274 1491 1327; x_wconf 84' lang='lat' dir='ltr'><strong>exorta</strong></span> <span class='ocrx_word' id='word_1_78' title='bbox 1540 1265 1777 1326; x_wconf 81' lang='lat' dir='ltr'><strong>tumultu</strong></span> 
     </span>
     <span class='ocr_line' id='line_1_13' title="bbox 148 1349 2444 1438; baseline 0 -26"><span class='ocrx_word' id='word_1_79' title='bbox 148 1350 426 1429; x_wconf 78' lang='lat' dir='ltr'><strong>Laetitia,</strong></span> <span class='ocrx_word' id='word_1_80' title='bbox 469 1360 525 1411; x_wconf 88' lang='lat' dir='ltr'><strong>et</strong></span> <span class='ocrx_word' id='word_1_81' title='bbox 569 1350 788 1429; x_wconf 83' lang='lat' dir='ltr'><strong>cuncti,</strong></span> <span class='ocrx_word' id='word_1_82' title='bbox 835 1372 984 1429; x_wconf 80' lang='lat' dir='ltr'><strong>quae</strong></span> <span class='ocrx_word' id='word_1_83' title='bbox 1024 1349 1141 1410; x_wconf 88' lang='lat' dir='ltr'><strong>siut</strong></span> <span class='ocrx_word' id='word_1_84' title='bbox 1183 1371 1255 1413; x_wconf 79' lang='lat' dir='ltr'><strong>ea</strong></span> <span class='ocrx_word' id='word_1_85' title='bbox 1298 1349 1561 1427; x_wconf 83' lang='lat' dir='ltr'><strong>moenia,</strong></span> <span class='ocrx_word' id='word_1_86' title='bbox 1613 1359 1918 1438; x_wconf 55' lang='lat' dir='ltr'><strong>quaerunt,</strong></span> <span class='ocrx_word' id='word_1_87' title='bbox 2314 1353 2444 1419; x_wconf 84' lang='grc'><strong>100</strong></span> 
     </span>
     <span class='ocr_line' id='line_1_14' title="bbox 149 1434 1714 1516; baseline 0.003 -20"><span class='ocrx_word' id='word_1_88' title='bbox 149 1437 270 1515; x_wconf 73' lang='lat' dir='ltr'><strong>Quo</strong></span> <span class='ocrx_word' id='word_1_89' title='bbox 313 1436 584 1497; x_wconf 82' lang='lat' dir='ltr'><strong>Phoebus</strong></span> <span class='ocrx_word' id='word_1_90' title='bbox 627 1445 795 1499; x_wconf 85' lang='lat' dir='ltr'><strong>vocet</strong></span> <span class='ocrx_word' id='word_1_91' title='bbox 835 1434 1085 1496; x_wconf 84' lang='lat' dir='ltr'><strong>errantis</strong></span> <span class='ocrx_word' id='word_1_92' title='bbox 1128 1434 1438 1516; x_wconf 83' lang='lat' dir='ltr'><strong>iubeatque</strong></span> <span class='ocrx_word' id='word_1_93' title='bbox 1479 1438 1714 1501; x_wconf 82' lang='lat' dir='ltr'><strong>reverti.</strong></span> 
     </span>
    </p>
   </div>
   <div class='ocr_carea' id='block_1_3' title="bbox 132 1647 2454 2742">
    <p class='ocr_par' dir='ltr' id='par_1_3' title="bbox 132 1647 2454 2465">
     <span class='ocr_line' id='line_1_15' title="bbox 141 1647 2443 1726; baseline 0.001 -18"><span class='ocrx_word' id='word_1_94' title='bbox 141 1654 208 1708; x_wconf 91' lang='lat' dir='ltr'><strong>ad</strong></span> <span class='ocrx_word' id='word_1_95' title='bbox 245 1656 467 1709; x_wconf 88' lang='lat' dir='ltr'><strong>Messal.</strong></span> <span class='ocrx_word' id='word_1_96' title='bbox 503 1671 563 1724; x_wconf 87' lang='lat' dir='ltr'><strong>p.</strong></span> <span class='ocrx_word' id='word_1_97' title='bbox 596 1654 684 1707; x_wconf 82' lang='grc'><strong>50.</strong></span> <span class='ocrx_word' id='word_1_98' title='bbox 705 1690 720 1719; x_wconf 92' lang='grc'><strong>,</strong></span> <span class='ocrx_word' id='word_1_99' title='bbox 759 1648 863 1706; x_wconf 82' lang='lat' dir='ltr'><strong>uhi</strong></span> <span class='ocrx_word' id='word_1_100' title='bbox 898 1667 1033 1706; x_wconf 86' lang='lat' dir='ltr'><strong>sane</strong></span> <span class='ocrx_word' id='word_1_101' title='bbox 1066 1647 1161 1704; x_wconf 88' lang='lat' dir='ltr'><strong>hic</strong></span> <span class='ocrx_word' id='word_1_102' title='bbox 1195 1651 1386 1720; x_wconf 82' lang='lat' dir='ltr'><strong>locus,</strong></span> <span class='ocrx_word' id='word_1_103' title='bbox 1411 1649 1512 1707; x_wconf 81' lang='lat' dir='ltr'><strong>sed</strong></span> <span class='ocrx_word' id='word_1_104' title='bbox 1548 1669 1746 1724; x_wconf 79' lang='lat' dir='ltr'><strong>parum</strong></span> <span class='ocrx_word' id='word_1_105' title='bbox 1780 1660 1947 1722; x_wconf 86' lang='lat' dir='ltr'><strong>apte,</strong></span> <span class='ocrx_word' id='word_1_106' title='bbox 1978 1664 2349 1726; x_wconf 81' lang='lat' dir='ltr'><strong>comparatur.</strong></span> <span class='ocrx_word' id='word_1_107' title='bbox 2371 1686 2443 1699; x_wconf 92' lang='lat'><em>-</em></span> 
     </span>
     <span class='ocr_line' id='line_1_16' title="bbox 140 1720 2445 1796; baseline 0.001 -18"><span class='ocrx_word' id='word_1_108' title='bbox 140 1727 220 1779; x_wconf 89' lang='grc'><strong>90.</strong></span> <span class='ocrx_word' id='word_1_109' title='bbox 257 1741 385 1796; x_wconf 83' lang='lat' dir='ltr'><strong>sqq.</strong></span> <span class='ocrx_word' id='word_1_110' title='bbox 435 1723 524 1777; x_wconf 85' lang='grc' dir='ltr'><strong>Η.</strong></span> <span class='ocrx_word' id='word_1_111' title='bbox 582 1721 776 1786; x_wconf 88' lang='lat' dir='ltr'><strong>docet,</strong></span> <span class='ocrx_word' id='word_1_112' title='bbox 843 1721 1173 1787; x_wconf 84' lang='lat' dir='ltr'><strong>„sollemne</strong></span> <span class='ocrx_word' id='word_1_113' title='bbox 1219 1736 1344 1773; x_wconf 81' lang='lat' dir='ltr'><strong>esse</strong></span> <span class='ocrx_word' id='word_1_114' title='bbox 1392 1721 1602 1789; x_wconf 66' lang='lat' dir='ltr'><strong>poetis,</strong></span> <span class='ocrx_word' id='word_1_115' title='bbox 1663 1720 1916 1776; x_wconf 83' lang='lat' dir='ltr'><strong>numinis</strong></span> <span class='ocrx_word' id='word_1_116' title='bbox 1977 1732 2182 1777; x_wconf 83' lang='lat' dir='ltr'><strong>sortem</strong></span> <span class='ocrx_word' id='word_1_117' title='bbox 2238 1724 2445 1780; x_wconf 80' lang='lat' dir='ltr'><strong>edituri</strong></span> 
     </span>
     <span class='ocr_line' id='line_1_17' title="bbox 140 1788 2443 1860; baseline 0.001 -16"><span class='ocrx_word' id='word_1_118' title='bbox 140 1789 505 1860; x_wconf 78' lang='lat' dir='ltr'><strong>praesentiam</strong></span> <span class='ocrx_word' id='word_1_119' title='bbox 556 1788 632 1842; x_wconf 88' lang='lat' dir='ltr'><strong>ita</strong></span> <span class='ocrx_word' id='word_1_120' title='bbox 684 1789 994 1854; x_wconf 81' lang='lat' dir='ltr'><strong>declarare,</strong></span> <span class='ocrx_word' id='word_1_121' title='bbox 1057 1796 1119 1840; x_wconf 89' lang='lat' dir='ltr'><strong>ut</strong></span> <span class='ocrx_word' id='word_1_122' title='bbox 1170 1796 1343 1841; x_wconf 83' lang='lat' dir='ltr'><strong>totam</strong></span> <span class='ocrx_word' id='word_1_123' title='bbox 1409 1805 1595 1842; x_wconf 87' lang='lat' dir='ltr'><strong>rerum</strong></span> <span class='ocrx_word' id='word_1_124' title='bbox 1656 1798 1910 1843; x_wconf 81' lang='lat' dir='ltr'><strong>naturam</strong></span> <span class='ocrx_word' id='word_1_125' title='bbox 1959 1808 2171 1845; x_wconf 85' lang='lat' dir='ltr'><strong>numen</strong></span> <span class='ocrx_word' id='word_1_126' title='bbox 2233 1792 2443 1848; x_wconf 85' lang='lat' dir='ltr'><strong>sentire</strong></span> 
     </span>
     <span class='ocr_line' id='line_1_18' title="bbox 137 1855 2440 1931; baseline 0.001 -20"><span class='ocrx_word' id='word_1_127' title='bbox 137 1858 469 1931; x_wconf 83' lang='lat' dir='ltr'><strong>moverique</strong></span> <span class='ocrx_word' id='word_1_128' title='bbox 499 1856 786 1927; x_wconf 84' lang='lat' dir='ltr'><strong>fingant.“</strong></span> <span class='ocrx_word' id='word_1_129' title='bbox 852 1855 1193 1925; x_wconf 79' lang='lat' dir='ltr'><strong>spanhemio</strong></span> <span class='ocrx_word' id='word_1_130' title='bbox 1227 1855 1297 1909; x_wconf 78' lang='lat' dir='ltr'><strong>ad</strong></span> <span class='ocrx_word' id='word_1_131' title='bbox 1341 1855 1557 1912; x_wconf 87' lang='lat' dir='ltr'><strong>Gallim.</strong></span> <span class='ocrx_word' id='word_1_132' title='bbox 1601 1856 1658 1910; x_wconf 78' lang='lat' dir='ltr'><strong>h.</strong></span> <span class='ocrx_word' id='word_1_133' title='bbox 1693 1857 1754 1910; x_wconf 88' lang='lat' dir='ltr'><strong>in</strong></span> <span class='ocrx_word' id='word_1_134' title='bbox 1788 1858 1976 1926; x_wconf 85' lang='lat' dir='ltr'><strong>Apoll.</strong></span> <span class='ocrx_word' id='word_1_135' title='bbox 2015 1858 2090 1911; x_wconf 90' lang='lat' dir='ltr'><strong>in.</strong></span> <span class='ocrx_word' id='word_1_136' title='bbox 2111 1898 2126 1925; x_wconf 91' lang='lat'><strong>,</strong></span> <span class='ocrx_word' id='word_1_137' title='bbox 2160 1870 2329 1931; x_wconf 85' lang='lat' dir='ltr'><strong>quem</strong></span> <span class='ocrx_word' id='word_1_138' title='bbox 2367 1864 2440 1914; x_wconf 73' lang='lat' dir='ltr'><strong>H.</strong></span> 
     </span>
     <span class='ocr_line' id='line_1_19' title="bbox 136 1923 2438 1997; baseline 0.001 -19"><span class='ocrx_word' id='word_1_139' title='bbox 136 1928 363 1991; x_wconf 83' lang='lat' dir='ltr'><strong>laudat,</strong></span> <span class='ocrx_word' id='word_1_140' title='bbox 410 1925 555 1977; x_wconf 84' lang='lat' dir='ltr'><strong>adde</strong></span> <span class='ocrx_word' id='word_1_141' title='bbox 603 1925 789 1977; x_wconf 75' lang='lat' dir='ltr'><strong>Bach-</strong></span> <span class='ocrx_word' id='word_1_142' title='bbox 820 1924 890 1976; x_wconf 90' lang='lat' dir='ltr'><strong>ad</strong></span> <span class='ocrx_word' id='word_1_143' title='bbox 944 1923 1110 1977; x_wconf 88' lang='lat' dir='ltr'><strong>Ovid.</strong></span> <span class='ocrx_word' id='word_1_144' title='bbox 1162 1925 1295 1976; x_wconf 84' lang='lat' dir='ltr'><strong>Met.</strong></span> <span class='ocrx_word' id='word_1_145' title='bbox 1346 1927 1459 1991; x_wconf 88' lang='lat' dir='ltr'><strong>IX,</strong></span> <span class='ocrx_word' id='word_1_146' title='bbox 1510 1928 1663 1990; x_wconf 69' lang='lat'><strong>782,</strong></span> <span class='ocrx_word' id='word_1_147' title='bbox 1721 1924 1821 1997; x_wconf 86' lang='lat' dir='ltr'><strong>qui</strong></span> <span class='ocrx_word' id='word_1_148' title='bbox 1868 1924 2083 1980; x_wconf 78' lang='lat' dir='ltr'><strong>confert</strong></span> <span class='ocrx_word' id='word_1_149' title='bbox 2126 1929 2259 1981; x_wconf 83' lang='lat' dir='ltr'><strong>Met.</strong></span> <span class='ocrx_word' id='word_1_150' title='bbox 2290 1929 2438 1995; x_wconf 84' lang='lat' dir='ltr'><strong>XV,</strong></span> 
     </span>
     <span class='ocr_line' id='line_1_20' title="bbox 134 1989 2442 2066; baseline 0.003 -21"><span class='ocrx_word' id='word_1_151' title='bbox 134 1995 255 2046; x_wconf 78' lang='grc'><strong>634.</strong></span> <span class='ocrx_word' id='word_1_152' title='bbox 273 2011 361 2064; x_wconf 86' lang='lat' dir='ltr'><strong>sq.</strong></span> <span class='ocrx_word' id='word_1_153' title='bbox 393 1996 535 2047; x_wconf 83' lang='lat' dir='ltr'><strong>Fast.</strong></span> <span class='ocrx_word' id='word_1_154' title='bbox 563 1995 647 2056; x_wconf 82' lang='lat'><strong>111,</strong></span> <span class='ocrx_word' id='word_1_155' title='bbox 677 1993 763 2046; x_wconf 87' lang='grc'><strong>47.</strong></span> <span class='ocrx_word' id='word_1_156' title='bbox 797 1989 1106 2044; x_wconf 86' lang='lat' dir='ltr'><strong>Sen.&#39;Med.</strong></span> <span class='ocrx_word' id='word_1_157' title='bbox 1133 1993 1252 2045; x_wconf 89' lang='grc'><strong>786.</strong></span> <span class='ocrx_word' id='word_1_158' title='bbox 1281 1990 1479 2044; x_wconf 81' lang='lat' dir='ltr'><strong>Claud.</strong></span> <span class='ocrx_word' id='word_1_159' title='bbox 1504 1995 1568 2047; x_wconf 81' lang='lat' dir='ltr'><strong>R.</strong></span> <span class='ocrx_word' id='word_1_160' title='bbox 1599 1996 1751 2046; x_wconf 83' lang='lat' dir='ltr'><strong>Pros.</strong></span> <span class='ocrx_word' id='word_1_161' title='bbox 1776 1996 1816 2057; x_wconf 90' lang='lat' dir='ltr'><strong>l,</strong></span> <span class='ocrx_word' id='word_1_162' title='bbox 1838 1998 1890 2046; x_wconf 87' lang='lat'><strong>7.</strong></span> <span class='ocrx_word' id='word_1_163' title='bbox 1921 2011 2046 2066; x_wconf 82' lang='lat' dir='ltr'><strong>sqq.</strong></span> <span class='ocrx_word' id='word_1_164' title='bbox 2071 2022 2140 2036; x_wconf 91' lang='lat'><strong>--</strong></span> <span class='ocrx_word' id='word_1_165' title='bbox 2165 1995 2442 2063; x_wconf 77' lang='lat' dir='ltr'><strong>„omn&#39;ia</strong></span> 
     </span>
     <span class='ocr_line' id='line_1_21' title="bbox 135 2058 2444 2128; baseline 0.002 -15"><span class='ocrx_word' id='word_1_166' title='bbox 135 2062 349 2114; x_wconf 84' lang='lat' dir='ltr'><strong>deinde</strong></span> <span class='ocrx_word' id='word_1_167' title='bbox 385 2077 483 2128; x_wconf 85' lang='lat' dir='ltr'><strong>per</strong></span> <span class='ocrx_word' id='word_1_168' title='bbox 514 2058 728 2128; x_wconf 85' lang='lat' dir='ltr'><strong>species</strong></span> <span class='ocrx_word' id='word_1_169' title='bbox 770 2060 1104 2112; x_wconf 81' lang='lat' dir='ltr'><strong>redduntur.</strong></span> <span class='ocrx_word' id='word_1_170' title='bbox 1176 2059 1309 2112; x_wconf 86' lang='lat' dir='ltr'><strong>Vid.</strong></span> <span class='ocrx_word' id='word_1_171' title='bbox 1346 2060 1413 2112; x_wconf 87' lang='lat' dir='ltr'><strong>ad</strong></span> <span class='ocrx_word' id='word_1_172' title='bbox 1458 2060 1692 2113; x_wconf 88' lang='lat' dir='ltr'><strong>Phaedr.</strong></span> <span class='ocrx_word' id='word_1_173' title='bbox 1732 2062 1839 2125; x_wconf 83' lang='lat' dir='ltr'><strong>IV,</strong></span> <span class='ocrx_word' id='word_1_174' title='bbox 1875 2063 1959 2113; x_wconf 80' lang='lat'><strong>24.</strong></span> <span class='ocrx_word' id='word_1_175' title='bbox 2000 2078 2165 2128; x_wconf 85' lang='lat' dir='ltr'><strong>supra</strong></span> <span class='ocrx_word' id='word_1_176' title='bbox 2206 2066 2275 2115; x_wconf 85' lang='lat' dir='ltr'><strong>ad</strong></span> <span class='ocrx_word' id='word_1_177' title='bbox 2321 2065 2444 2121; x_wconf 78' lang='lat' dir='ltr'><strong>Ecl.</strong></span> 
     </span>
     <span class='ocr_line' id='line_1_22' title="bbox 132 2125 2454 2195; baseline 0.002 -15"><span class='ocrx_word' id='word_1_178' title='bbox 132 2131 240 2195; x_wconf 88' lang='lat' dir='ltr'><strong>Vl,</strong></span> <span class='ocrx_word' id='word_1_179' title='bbox 271 2130 357 2181; x_wconf 82' lang='lat'><strong>34.</strong></span> <span class='ocrx_word' id='word_1_180' title='bbox 395 2128 535 2180; x_wconf 82' lang='lat' dir='ltr'><strong>infra</strong></span> <span class='ocrx_word' id='word_1_181' title='bbox 570 2128 638 2179; x_wconf 90' lang='lat' dir='ltr'><strong>ad</strong></span> <span class='ocrx_word' id='word_1_182' title='bbox 683 2128 825 2179; x_wconf 86' lang='lat' dir='ltr'><strong>Aen.</strong></span> <span class='ocrx_word' id='word_1_183' title='bbox 851 2130 1112 2193; x_wconf 73' lang='grc' dir='ltr'><strong>1Χ,,192.</strong></span> <span class='ocrx_word' id='word_1_184' title='bbox 1177 2128 1333 2180; x_wconf 84' lang='lat' dir='ltr'><strong>Idem</strong></span> <span class='ocrx_word' id='word_1_185' title='bbox 1372 2127 1429 2181; x_wconf 92' lang='lat' dir='ltr'><strong>in</strong></span> <span class='ocrx_word' id='word_1_186' title='bbox 1457 2128 1620 2182; x_wconf 82' lang='lat' dir='ltr'><strong>Livio</strong></span> <span class='ocrx_word' id='word_1_187' title='bbox 1656 2125 2025 2187; x_wconf 58' lang='lat' dir='ltr'><strong>observarunt</strong></span> <span class='ocrx_word' id='word_1_188' title='bbox 2051 2129 2152 2180; x_wconf 82' lang='lat' dir='ltr'><strong>viri</strong></span> <span class='ocrx_word' id='word_1_189' title='bbox 2185 2131 2333 2184; x_wconf 85' lang='lat' dir='ltr'><strong>docti</strong></span> <span class='ocrx_word' id='word_1_190' title='bbox 2366 2133 2454 2185; x_wconf 80' lang='lat' dir='ltr'><strong>ad·</strong></span> 
     </span>
     <span class='ocr_line' id='line_1_23' title="bbox 135 2190 2436 2268; baseline 0.001 -19"><span class='ocrx_word' id='word_1_191' title='bbox 135 2197 264 2262; x_wconf 88' lang='lat' dir='ltr'><strong>VII,</strong></span> <span class='ocrx_word' id='word_1_192' title='bbox 300 2202 395 2259; x_wconf 81' lang='lat'><strong>32,</strong></span> <span class='ocrx_word' id='word_1_193' title='bbox 431 2200 481 2250; x_wconf 88' lang='lat'><strong>9.</strong></span> <span class='ocrx_word' id='word_1_194' title='bbox 528 2204 585 2247; x_wconf 86' lang='lat' dir='ltr'><strong>et</strong></span> <span class='ocrx_word' id='word_1_195' title='bbox 619 2193 773 2248; x_wconf 86' lang='lat' dir='ltr'><strong>alibi.</strong></span> <span class='ocrx_word' id='word_1_196' title='bbox 792 2194 828 2222; x_wconf 85' lang='lat'>“</span> <span class='ocrx_word' id='word_1_197' title='bbox 867 2190 1084 2249; x_wconf 78' lang='lat' dir='ltr'><strong>Bumn.</strong></span> <span class='ocrx_word' id='word_1_198' title='bbox 1121 2224 1190 2237; x_wconf 89' lang='lat'>-</span> <span class='ocrx_word' id='word_1_199' title='bbox 1254 2198 1340 2249; x_wconf 95' lang='grc'><strong>91.</strong></span> <span class='ocrx_word' id='word_1_200' title='bbox 1381 2194 1847 2268; x_wconf 62' lang='lat' dir='ltr'><strong>Liminaqu‘E.</strong></span> <span class='ocrx_word' id='word_1_201' title='bbox 1920 2194 2051 2248; x_wconf 90' lang='lat' dir='ltr'><strong>Vid.</strong></span> <span class='ocrx_word' id='word_1_202' title='bbox 2090 2197 2163 2248; x_wconf 82' lang='lat' dir='ltr'><strong>ad</strong></span> <span class='ocrx_word' id='word_1_203' title='bbox 2198 2199 2436 2267; x_wconf 53' lang='lat' dir='ltr'><strong>Eeldv,</strong></span> 
     </span>
     <span class='ocr_line' id='line_1_24' title="bbox 137 2259 2446 2332; baseline 0 -15"><span class='ocrx_word' id='word_1_204' title='bbox 137 2267 218 2318; x_wconf 82' lang='lat'><strong>51.</strong></span> <span class='ocrx_word' id='word_1_205' title='bbox 249 2272 304 2316; x_wconf 91' lang='lat' dir='ltr'><strong>et</strong></span> <span class='ocrx_word' id='word_1_206' title='bbox 333 2261 466 2314; x_wconf 88' lang='lat' dir='ltr'><strong>alibi</strong></span> <span class='ocrx_word' id='word_1_207' title='bbox 497 2266 709 2315; x_wconf 89' lang='lat' dir='ltr'><strong>adnott.</strong></span> <span class='ocrx_word' id='word_1_208' title='bbox 738 2292 807 2304; x_wconf 93' lang='lat'><strong>--</strong></span> <span class='ocrx_word' id='word_1_209' title='bbox 830 2259 1141 2330; x_wconf 70' lang='lat' dir='ltr'><strong>laurus,</strong></span> <span class='ocrx_word' id='word_1_210' title='bbox 1173 2260 1302 2314; x_wconf 57' lang='lat' dir='ltr'><strong>ante</strong></span> <span class='ocrx_word' id='word_1_211' title='bbox 1329 2265 1599 2332; x_wconf 87' lang='lat' dir='ltr'><strong>templum</strong></span> <span class='ocrx_word' id='word_1_212' title='bbox 1627 2263 1675 2314; x_wconf 83' lang='lat' dir='ltr'><strong>A</strong></span> <span class='ocrx_word' id='word_1_213' title='bbox 1719 2261 1908 2316; x_wconf 87' lang='lat' dir='ltr'><strong>ollinis</strong></span> <span class='ocrx_word' id='word_1_214' title='bbox 1933 2262 2129 2331; x_wconf 85' lang='lat' dir='ltr'><strong>posita.</strong></span> <span class='ocrx_word' id='word_1_215' title='bbox 2166 2267 2251 2316; x_wconf 91' lang='lat' dir='ltr'><strong>De</strong></span> <span class='ocrx_word' id='word_1_216' title='bbox 2281 2267 2446 2322; x_wconf 84' lang='lat' dir='ltr'><strong>lauro</strong></span> 
     </span>
     <span class='ocr_line' id='line_1_25' title="bbox 135 2329 2446 2400; baseline 0.003 -16"><span class='ocrx_word' id='word_1_217' title='bbox 135 2331 192 2385; x_wconf 92' lang='lat' dir='ltr'><strong>in</strong></span> <span class='ocrx_word' id='word_1_218' title='bbox 217 2330 497 2400; x_wconf 84' lang='lat' dir='ltr'><strong>Apollinis</strong></span> <span class='ocrx_word' id='word_1_219' title='bbox 532 2333 681 2382; x_wconf 83' lang='lat' dir='ltr'><strong>cultu</strong></span> <span class='ocrx_word' id='word_1_220' title='bbox 720 2329 926 2397; x_wconf 83' lang='lat' dir='ltr'><strong>primas</strong></span> <span class='ocrx_word' id='word_1_221' title='bbox 962 2330 1079 2382; x_wconf 78' lang='lat' dir='ltr'><strong>fere</strong></span> <span class='ocrx_word' id='word_1_222' title='bbox 1117 2338 1300 2398; x_wconf 85' lang='lat' dir='ltr'><strong>partes</strong></span> <span class='ocrx_word' id='word_1_223' title='bbox 1330 2338 1531 2400; x_wconf 80' lang='lat' dir='ltr'><strong>agente</strong></span> <span class='ocrx_word' id='word_1_224' title='bbox 1562 2329 1635 2383; x_wconf 73' lang='lat' dir='ltr'><strong>cst</strong></span> <span class='ocrx_word' id='word_1_225' title='bbox 1716 2330 1977 2400; x_wconf 85' lang='lat' dir='ltr'><strong>panhem.</strong></span> <span class='ocrx_word' id='word_1_226' title='bbox 2011 2330 2080 2384; x_wconf 82' lang='lat' dir='ltr'><strong>ad</strong></span> <span class='ocrx_word' id='word_1_227' title='bbox 2120 2329 2338 2386; x_wconf 85' lang='lat' dir='ltr'><strong>Gallim.</strong></span> <span class='ocrx_word' id='word_1_228' title='bbox 2380 2334 2446 2391; x_wconf 84' lang='lat' dir='ltr'><strong>in</strong></span> 
     </span>
     <span class='ocr_line' id='line_1_26' title="bbox 137 2397 2243 2465; baseline -0 -12"><span class='ocrx_word' id='word_1_229' title='bbox 137 2401 255 2453; x_wconf 88' lang='lat' dir='ltr'><strong>Del.</strong></span> <span class='ocrx_word' id='word_1_230' title='bbox 291 2403 377 2454; x_wconf 86' lang='lat'><strong>91.</strong></span> <span class='ocrx_word' id='word_1_231' title='bbox 413 2427 481 2440; x_wconf 89' lang='lat'><strong>--</strong></span> <span class='ocrx_word' id='word_1_232' title='bbox 514 2397 816 2452; x_wconf 75' lang='lat' dir='ltr'><strong>moveri.</strong></span> <span class='ocrx_word' id='word_1_233' title='bbox 888 2397 1116 2450; x_wconf 72' lang='lat' dir='ltr'><strong>VVakes.</strong></span> <span class='ocrx_word' id='word_1_234' title='bbox 1154 2398 1224 2450; x_wconf 87' lang='lat' dir='ltr'><strong>ad</strong></span> <span class='ocrx_word' id='word_1_235' title='bbox 1263 2401 1426 2451; x_wconf 85' lang='lat' dir='ltr'><strong>Lucr.</strong></span> <span class='ocrx_word' id='word_1_236' title='bbox 1463 2399 1568 2465; x_wconf 90' lang='lat' dir='ltr'><strong>VI,</strong></span> <span class='ocrx_word' id='word_1_237' title='bbox 1611 2398 1730 2452; x_wconf 85' lang='grc'><strong>594.</strong></span> <span class='ocrx_word' id='word_1_238' title='bbox 1764 2406 1973 2451; x_wconf 88' lang='lat' dir='ltr'><strong>temere</strong></span> <span class='ocrx_word' id='word_1_239' title='bbox 2005 2398 2153 2451; x_wconf 89' lang='lat' dir='ltr'><strong>coni.</strong></span> <span class='ocrx_word' id='word_1_240' title='bbox 2188 2416 2243 2452; x_wconf 83' lang='lat' dir='ltr'><strong>m</strong></span> 
     </span>
    </p>

    <p class='ocr_par' dir='ltr' id='par_1_4' title="bbox 138 2420 2447 2742">
     <span class='ocr_line' id='line_1_27' title="bbox 138 2420 2442 2551; baseline 0.002 -30"><span class='ocrx_word' id='word_1_241' title='bbox 138 2466 292 2521; x_wconf 85' lang='lat' dir='ltr'><strong>cuius</strong></span> <span class='ocrx_word' id='word_1_242' title='bbox 350 2465 575 2531; x_wconf 84' lang='lat' dir='ltr'><strong>adnot.,</strong></span> <span class='ocrx_word' id='word_1_243' title='bbox 626 2465 669 2521; x_wconf 91' lang='lat' dir='ltr'><strong>si</strong></span> <span class='ocrx_word' id='word_1_244' title='bbox 720 2463 854 2519; x_wconf 86' lang='lat' dir='ltr'><strong>tanti</strong></span> <span class='ocrx_word' id='word_1_245' title='bbox 907 2474 1020 2531; x_wconf 86' lang='lat' dir='ltr'><strong>est,</strong></span> <span class='ocrx_word' id='word_1_246' title='bbox 1067 2466 1190 2535; x_wconf 86' lang='lat' dir='ltr'><strong>ipse</strong></span> <span class='ocrx_word' id='word_1_247' title='bbox 1240 2466 1392 2519; x_wconf 84' lang='lat' dir='ltr'><strong>vide.</strong></span> <span class='ocrx_word' id='word_1_248' title='bbox 1424 2496 1495 2509; x_wconf 92' lang='lat'><em>-</em></span> <span class='ocrx_word' id='word_1_249' title='bbox 1561 2469 1648 2523; x_wconf 84' lang='lat'><strong>92.</strong></span> <span class='ocrx_word' id='word_1_250' title='bbox 1685 2464 1936 2546; x_wconf 66' lang='lat' dir='ltr'><strong>Mons,</strong></span> <span class='ocrx_word' id='word_1_251' title='bbox 1992 2464 2245 2535; x_wconf 79' lang='lat' dir='ltr'><strong>Cynthus</strong></span> <span class='ocrx_word' id='word_1_252' title='bbox 2283 2420 2442 2551; x_wconf 61' lang='lat' dir='ltr'><strong>(vid.</strong></span> 
     </span>
     <span class='ocr_line' id='line_1_28' title="bbox 140 2534 2434 2608; baseline 0.002 -21"><span class='ocrx_word' id='word_1_253' title='bbox 140 2536 205 2587; x_wconf 85' lang='lat' dir='ltr'><strong>ad</strong></span> <span class='ocrx_word' id='word_1_254' title='bbox 243 2537 357 2587; x_wconf 83' lang='lat' dir='ltr'><strong>Ecl.</strong></span> <span class='ocrx_word' id='word_1_255' title='bbox 398 2535 504 2601; x_wconf 75' lang='lat' dir='ltr'><strong>,V1,</strong></span> <span class='ocrx_word' id='word_1_256' title='bbox 545 2537 672 2597; x_wconf 81' lang='lat'><strong>3.);</strong></span> <span class='ocrx_word' id='word_1_257' title='bbox 711 2551 839 2587; x_wconf 86' lang='lat' dir='ltr'><strong>nam</strong></span> <span class='ocrx_word' id='word_1_258' title='bbox 875 2535 1148 2603; x_wconf 86' lang='lat' dir='ltr'><strong>ternplum</strong></span> <span class='ocrx_word' id='word_1_259' title='bbox 1181 2535 1252 2587; x_wconf 82' lang='lat' dir='ltr'><strong>ad</strong></span> <span class='ocrx_word' id='word_1_260' title='bbox 1289 2534 1505 2588; x_wconf 81' lang='lat' dir='ltr'><strong>radices</strong></span> <span class='ocrx_word' id='word_1_261' title='bbox 1536 2544 1748 2588; x_wconf 75' lang='lat' dir='ltr'><strong>montis</strong></span> <span class='ocrx_word' id='word_1_262' title='bbox 1779 2534 1968 2598; x_wconf 79' lang='lat' dir='ltr'><strong>situm.</strong></span> <span class='ocrx_word' id='word_1_263' title='bbox 2002 2565 2071 2577; x_wconf 92' lang='lat'>-</span> <span class='ocrx_word' id='word_1_264' title='bbox 2107 2546 2434 2608; x_wconf 71' lang='lat' dir='ltr'><strong>cornua,</strong></span> 
     </span>
     <span class='ocr_line' id='line_1_29' title="bbox 139 2599 2437 2682; baseline 0.003 -28"><span class='ocrx_word' id='word_1_265' title='bbox 139 2602 349 2655; x_wconf 83' lang='lat' dir='ltr'><strong>labrum</strong></span> <span class='ocrx_word' id='word_1_266' title='bbox 379 2602 682 2655; x_wconf 83' lang='lat' dir='ltr'><strong>rotundum</strong></span> <span class='ocrx_word' id='word_1_267' title='bbox 703 2642 717 2668; x_wconf 92' lang='lat'><strong>,</strong></span> <span class='ocrx_word' id='word_1_268' title='bbox 753 2601 904 2672; x_wconf 89' lang='lat' dir='ltr'><strong>quod</strong></span> <span class='ocrx_word' id='word_1_269' title='bbox 922 2641 936 2667; x_wconf 80' lang='lat'><strong>,</strong></span> <span class='ocrx_word' id='word_1_270' title='bbox 974 2610 1068 2655; x_wconf 80' lang='lat' dir='ltr'><strong>a&#39;ut</strong></span> <span class='ocrx_word' id='word_1_271' title='bbox 1093 2603 1225 2682; x_wconf 73' lang='lat' dir='ltr'><strong>quia</strong></span> <span class='ocrx_word' id='word_1_272' title='bbox 1254 2602 1439 2671; x_wconf 87' lang='lat' dir='ltr'><strong>ipsum</strong></span> <span class='ocrx_word' id='word_1_273' title='bbox 1465 2599 1642 2656; x_wconf 82' lang='lat' dir='ltr'><strong>tribus</strong></span> <span class='ocrx_word' id='word_1_274' title='bbox 1672 2599 1916 2670; x_wconf 77' lang='lat' dir='ltr'><strong>pedibus</strong></span> <span class='ocrx_word' id='word_1_275' title='bbox 1942 2601 2270 2656; x_wconf 85' lang='lat' dir='ltr'><strong>instructum</strong></span> <span class='ocrx_word' id='word_1_276' title='bbox 2301 2616 2437 2678; x_wconf 76' lang='lat' dir='ltr'><strong>erat,</strong></span> 
     </span>
     <span class='ocr_line' id='line_1_30' title="bbox 143 2668 2447 2742; baseline 0.002 -20"><span class='ocrx_word' id='word_1_277' title='bbox 143 2679 232 2723; x_wconf 87' lang='lat' dir='ltr'><strong>aut</strong></span> <span class='ocrx_word' id='word_1_278' title='bbox 268 2670 399 2742; x_wconf 87' lang='lat' dir='ltr'><strong>quia</strong></span> <span class='ocrx_word' id='word_1_279' title='bbox 435 2670 682 2740; x_wconf 77' lang='lat' dir='ltr'><strong>operculi</strong></span> <span class='ocrx_word' id='word_1_280' title='bbox 722 2672 848 2721; x_wconf 85' lang='lat' dir='ltr'><strong>loco</strong></span> <span class='ocrx_word' id='word_1_281' title='bbox 881 2670 1085 2739; x_wconf 86' lang='lat' dir='ltr'><strong>tripodi</strong></span> <span class='ocrx_word' id='word_1_282' title='bbox 1121 2668 1546 2738; x_wconf 75' lang='lat' dir='ltr'><strong>imponebatur,</strong></span> <span class='ocrx_word' id='word_1_283' title='bbox 1589 2670 1736 2722; x_wconf 87' lang='lat' dir='ltr'><strong>haud</strong></span> <span class='ocrx_word' id='word_1_284' title='bbox 1775 2685 1900 2722; x_wconf 82' lang='lat' dir='ltr'><strong>raro</strong></span> <span class='ocrx_word' id='word_1_285' title='bbox 1941 2671 2122 2739; x_wconf 83' lang='lat' dir='ltr'><strong>ipsum</strong></span> <span class='ocrx_word' id='word_1_286' title='bbox 2158 2672 2447 2738; x_wconf 76' lang='lat' dir='ltr'><strong>tripodem.</strong></span> 
     </span>
    </p>
   </div>
   <div class='ocr_carea' id='block_1_4' title="bbox 144 2736 2546 2811">
    <p class='ocr_par' dir='ltr' id='par_1_5' title="bbox 144 2736 2546 2811">
     <span class='ocr_line' id='line_1_31' title="bbox 144 2736 2546 2811; baseline 0.002 -19"><span class='ocrx_word' id='word_1_287' title='bbox 144 2738 426 2805; x_wconf 74' lang='lat' dir='ltr'><strong>significat.</strong></span> <span class='ocrx_word' id='word_1_288' title='bbox 498 2737 645 2790; x_wconf 86' lang='lat' dir='ltr'><strong>Vid.·</strong></span> <span class='ocrx_word' id='word_1_289' title='bbox 665 2736 941 2806; x_wconf 82' lang='lat' dir='ltr'><strong>imprimis</strong></span> <span class='ocrx_word' id='word_1_290' title='bbox 976 2738 1142 2790; x_wconf 84' lang='lat' dir='ltr'><strong>Ovid.</strong></span> <span class='ocrx_word' id='word_1_291' title='bbox 1173 2740 1304 2791; x_wconf 85' lang='lat' dir='ltr'><strong>Met.</strong></span> <span class='ocrx_word' id='word_1_292' title='bbox 1329 2739 1473 2802; x_wconf 82' lang='lat' dir='ltr'><strong>XV,</strong></span> <span class='ocrx_word' id='word_1_293' title='bbox 1501 2739 1623 2798; x_wconf 82' lang='grc'><strong>636.</strong></span> <span class='ocrx_word' id='word_1_294' title='bbox 1660 2736 1998 2811; x_wconf 72' lang='lat' dir='ltr'><strong>cortinaque</strong></span> <span class='ocrx_word' id='word_1_295' title='bbox 2028 2738 2291 2794; x_wconf 72' lang='lat' dir='ltr'><strong>reddidit</strong></span> <span class='ocrx_word' id='word_1_296' title='bbox 2322 2739 2438 2797; x_wconf 76' lang='lat' dir='ltr'><strong>imo</strong></span> <span class='ocrx_word' id='word_1_297' title='bbox 2541 2789 2546 2798; x_wconf 85' lang='lat'><strong>.</strong></span> 
     </span>
    </p>
   </div>
   <div class='ocr_carea' id='block_1_5' title="bbox 140 2804 2496 4506">
    <p class='ocr_par' dir='ltr' id='par_1_6' title="bbox 140 2804 2496 4506">
     <span class='ocr_line' id='line_1_32' title="bbox 145 2804 2438 2880; baseline 0.002 -21"><span class='ocrx_word' id='word_1_298' title='bbox 145 2804 314 2859; x_wconf 77' lang='lat' dir='ltr'><strong>Hanc</strong></span> <span class='ocrx_word' id='word_1_299' title='bbox 351 2808 533 2878; x_wconf 78' lang='lat' dir='ltr'><strong>adyto</strong></span> <span class='ocrx_word' id='word_1_300' title='bbox 576 2815 801 2870; x_wconf 74' lang='lat' dir='ltr'><strong>vocem,</strong></span> <span class='ocrx_word' id='word_1_301' title='bbox 852 2822 979 2858; x_wconf 86' lang='lat' dir='ltr'><strong>curn</strong></span> <span class='ocrx_word' id='word_1_302' title='bbox 1029 2817 1142 2877; x_wconf 81' lang='lat' dir='ltr'><strong>qno</strong></span> <span class='ocrx_word' id='word_1_303' title='bbox 1180 2808 1307 2859; x_wconf 92' lang='lat' dir='ltr'><strong>loco</strong></span> <span class='ocrx_word' id='word_1_304' title='bbox 1338 2805 1412 2858; x_wconf 79' lang='lat' dir='ltr'><strong>cs.</strong></span> <span class='ocrx_word' id='word_1_305' title='bbox 1448 2804 1592 2859; x_wconf 80' lang='lat' dir='ltr'><strong>infra</strong></span> <span class='ocrx_word' id='word_1_306' title='bbox 1625 2806 1772 2859; x_wconf 85' lang='lat' dir='ltr'><strong>Aen.</strong></span> <span class='ocrx_word' id='word_1_307' title='bbox 1808 2806 1916 2871; x_wconf 91' lang='lat' dir='ltr'><strong>Vl,</strong></span> <span class='ocrx_word' id='word_1_308' title='bbox 1952 2806 2071 2860; x_wconf 87' lang='grc'><strong>347.</strong></span> <span class='ocrx_word' id='word_1_309' title='bbox 2141 2806 2344 2880; x_wconf 80' lang='lat' dir='ltr'><strong>Neque</strong></span> <span class='ocrx_word' id='word_1_310' title='bbox 2380 2819 2438 2864; x_wconf 73' lang='lat' dir='ltr'><strong>te</strong></span> 
     </span>
     <span class='ocr_line' id='line_1_33' title="bbox 141 2869 2432 2944; baseline 0.003 -18"><span class='ocrx_word' id='word_1_311' title='bbox 141 2869 350 2927; x_wconf 71' lang='lat' dir='ltr'><strong>Phoebi</strong></span> <span class='ocrx_word' id='word_1_312' title='bbox 373 2872 604 2927; x_wconf 76' lang='lat' dir='ltr'><strong>cortina</strong></span> <span class='ocrx_word' id='word_1_313' title='bbox 617 2870 870 2943; x_wconf 75' lang='lat' dir='ltr'><strong>fefellit,</strong></span> <span class='ocrx_word' id='word_1_314' title='bbox 902 2870 999 2925; x_wconf 86' lang='lat' dir='ltr'><strong>ubi</strong></span> <span class='ocrx_word' id='word_1_315' title='bbox 1028 2872 1256 2926; x_wconf 74' lang='lat' dir='ltr'><strong>cortina</strong></span> <span class='ocrx_word' id='word_1_316' title='bbox 1280 2891 1382 2943; x_wconf 87' lang='lat' dir='ltr'><strong>pro</strong></span> <span class='ocrx_word' id='word_1_317' title='bbox 1408 2872 1535 2942; x_wconf 81' lang='lat' dir='ltr'><strong>ipso</strong></span> <span class='ocrx_word' id='word_1_318' title='bbox 1560 2875 1787 2927; x_wconf 88' lang='lat' dir='ltr'><strong>oraculo</strong></span> <span class='ocrx_word' id='word_1_319' title='bbox 1810 2873 2004 2942; x_wconf 89' lang='lat' dir='ltr'><strong>posita.</strong></span> <span class='ocrx_word' id='word_1_320' title='bbox 2032 2903 2101 2915; x_wconf 89' lang='lat'><strong>·-</strong></span> <span class='ocrx_word' id='word_1_321' title='bbox 2124 2874 2363 2944; x_wconf 65' lang='lat' dir='ltr'><strong>mugit·</strong></span> <span class='ocrx_word' id='word_1_322' title='bbox 2380 2893 2432 2933; x_wconf 73' lang='lat' dir='ltr'><strong>e.</strong></span> 
     </span>
     <span class='ocr_line' id='line_1_34' title="bbox 145 2940 2438 3011; baseline 0.001 -21"><span class='ocrx_word' id='word_1_323' title='bbox 145 2943 210 2990; x_wconf 87' lang='lat' dir='ltr'><strong>H.</strong></span> <span class='ocrx_word' id='word_1_324' title='bbox 246 2942 540 3007; x_wconf 80' lang='lat' dir='ltr'><strong>admonet,</strong></span> <span class='ocrx_word' id='word_1_325' title='bbox 595 2942 640 2993; x_wconf 88' lang='lat' dir='ltr'><strong>si</strong></span> <span class='ocrx_word' id='word_1_326' title='bbox 681 2941 908 2993; x_wconf 88' lang='lat' dir='ltr'><strong>credere</strong></span> <span class='ocrx_word' id='word_1_327' title='bbox 941 2940 1135 3006; x_wconf 74' lang='lat' dir='ltr'><strong>liceat,</strong></span> <span class='ocrx_word' id='word_1_328' title='bbox 1187 2941 1255 2993; x_wconf 88' lang='lat' dir='ltr'><strong>ad</strong></span> <span class='ocrx_word' id='word_1_329' title='bbox 1291 2941 1554 3011; x_wconf 86' lang='lat' dir='ltr'><strong>Delphici</strong></span> <span class='ocrx_word' id='word_1_330' title='bbox 1588 2940 1822 3010; x_wconf 82' lang='lat' dir='ltr'><strong>tripodis</strong></span> <span class='ocrx_word' id='word_1_331' title='bbox 1854 2940 2027 2998; x_wconf 85' lang='lat' dir='ltr'><strong>instar</strong></span> <span class='ocrx_word' id='word_1_332' title='bbox 2059 2941 2196 2993; x_wconf 85' lang='lat' dir='ltr'><strong>haec</strong></span> <span class='ocrx_word' id='word_1_333' title='bbox 2231 2944 2438 2996; x_wconf 88' lang='lat' dir='ltr'><strong>adum-</strong></span> 
     </span>
     <span class='ocr_line' id='line_1_35' title="bbox 141 3005 2437 3078; baseline 0.002 -20"><span class='ocrx_word' id='word_1_334' title='bbox 141 3005 285 3060; x_wconf 81' lang='lat' dir='ltr'><strong>brata</strong></span> <span class='ocrx_word' id='word_1_335' title='bbox 320 3026 447 3062; x_wconf 86' lang='lat' dir='ltr'><strong>esse</strong></span> <span class='ocrx_word' id='word_1_336' title='bbox 484 3008 596 3074; x_wconf 74' lang='lat' dir='ltr'><strong>(cst</strong></span> <span class='ocrx_word' id='word_1_337' title='bbox 634 3007 935 3077; x_wconf 86' lang='lat' dir='ltr'><strong>Spanhem.</strong></span> <span class='ocrx_word' id='word_1_338' title='bbox 971 3007 1041 3061; x_wconf 88' lang='lat' dir='ltr'><strong>ad</strong></span> <span class='ocrx_word' id='word_1_339' title='bbox 1078 3006 1298 3074; x_wconf 77' lang='lat' dir='ltr'><strong>Gallim.</strong></span> <span class='ocrx_word' id='word_1_340' title='bbox 1336 3009 1395 3060; x_wconf 91' lang='lat' dir='ltr'><strong>in</strong></span> <span class='ocrx_word' id='word_1_341' title='bbox 1430 3011 1558 3061; x_wconf 86' lang='lat' dir='ltr'><strong>Del.</strong></span> <span class='ocrx_word' id='word_1_342' title='bbox 1593 3009 1748 3074; x_wconf 84' lang='lat'><strong>90.)‚</strong></span> <span class='ocrx_word' id='word_1_343' title='bbox 1785 3007 2061 3078; x_wconf 76' lang='lat' dir='ltr'><strong>mugitum</strong></span> <span class='ocrx_word' id='word_1_344' title='bbox 2099 3007 2231 3061; x_wconf 88' lang='lat' dir='ltr'><strong>oriri</strong></span> <span class='ocrx_word' id='word_1_345' title='bbox 2267 3019 2437 3072; x_wconf 82' lang='lat' dir='ltr'><strong>vento</strong></span> 
     </span>
     <span class='ocr_line' id='line_1_36' title="bbox 140 3074 2496 3213; baseline 0.003 -20"><span class='ocrx_word' id='word_1_346' title='bbox 140 3075 767 3213; x_wconf 54' lang='lat' dir='ltr'><strong>20⁸852¹252b¹52ss¹33</strong></span> <span class='ocrx_word' id='word_1_347' title='bbox 786 3074 1199 3211; x_wconf 61' lang='lat' dir='ltr'><strong>’p§‡¹³.38{‡‚‘ss³</strong></span> <span class='ocrx_word' id='word_1_348' title='bbox 1220 3075 2137 3213; x_wconf 47' lang='lat' dir='ltr'><strong>3332⁸³¹3.5512²a0⁸¹¹&#39;553‘23..r-f.</strong></span> <span class='ocrx_word' id='word_1_349' title='bbox 2168 3078 2313 3195; x_wconf 63' lang='lat' dir='ltr'><strong>‘&#39;vi’&#39;</strong></span> <span class='ocrx_word' id='word_1_350' title='bbox 2327 3077 2434 3199; x_wconf 57' lang='lat'><strong>¹8⁸⁶?</strong></span> <span class='ocrx_word' id='word_1_351' title='bbox 2489 3153 2496 3158; x_wconf 92' lang='lat'><strong>·</strong></span> 
     </span>
     <span class='ocr_line' id='line_1_37' title="bbox 140 3183 2432 3283; baseline 0.003 -22"><span class='ocrx_word' id='word_1_352' title='bbox 140 3208 323 3283; x_wconf 86' lang='lat' dir='ltr'><strong>ibique</strong></span> <span class='ocrx_word' id='word_1_353' title='bbox 353 3183 570 3265; x_wconf 63' lang='lat' dir='ltr'><strong>adndtt.</strong></span> <span class='ocrx_word' id='word_1_354' title='bbox 598 3237 668 3261; x_wconf 55' lang='grc' dir='ltr'><strong>-ν-</strong></span> <span class='ocrx_word' id='word_1_355' title='bbox 731 3212 820 3265; x_wconf 85' lang='grc'><strong>93.</strong></span> <span class='ocrx_word' id='word_1_356' title='bbox 846 3209 1583 3280; x_wconf 73' lang='lat' dir='ltr'><strong>Submissipetimus</strong></span> <span class='ocrx_word' id='word_1_357' title='bbox 1607 3220 1910 3276; x_wconf 73' lang='lat' dir='ltr'><strong>terram,</strong></span> <span class='ocrx_word' id='word_1_358' title='bbox 1941 3209 2177 3264; x_wconf 76' lang='lat' dir='ltr'><strong>formula</strong></span> <span class='ocrx_word' id='word_1_359' title='bbox 2204 3183 2432 3268; x_wconf 82' lang='lat' dir='ltr'><strong>dic’endi</strong></span> 
     </span>
     <span class='ocr_line' id='line_1_38' title="bbox 143 3273 2435 3350; baseline 0.004 -21"><span class='ocrx_word' id='word_1_360' title='bbox 143 3294 205 3330; x_wconf 84' lang='lat' dir='ltr'><strong>ex</strong></span> <span class='ocrx_word' id='word_1_361' title='bbox 251 3279 509 3332; x_wconf 84' lang='lat' dir='ltr'><strong>Lucretio</strong></span> <span class='ocrx_word' id='word_1_362' title='bbox 559 3278 757 3347; x_wconf 85' lang='lat' dir='ltr'><strong>petita,</strong></span> <span class='ocrx_word' id='word_1_363' title='bbox 805 3278 900 3350; x_wconf 87' lang='lat' dir='ltr'><strong>qui</strong></span> <span class='ocrx_word' id='word_1_364' title='bbox 940 3282 993 3345; x_wconf 92' lang='lat' dir='ltr'><strong>I,</strong></span> <span class='ocrx_word' id='word_1_365' title='bbox 1030 3281 1116 3333; x_wconf 84' lang='lat'><strong>93.</strong></span> <span class='ocrx_word' id='word_1_366' title='bbox 1165 3279 1238 3331; x_wconf 90' lang='lat' dir='ltr'><strong>de</strong></span> <span class='ocrx_word' id='word_1_367' title='bbox 1283 3277 1573 3349; x_wconf 81' lang='lat' dir='ltr'><strong>Iphigenia</strong></span> <span class='ocrx_word' id='word_1_368' title='bbox 1619 3277 1999 3332; x_wconf 82' lang='lat' dir='ltr'><strong>immolanda:</strong></span> <span class='ocrx_word' id='word_1_369' title='bbox 2051 3273 2235 3333; x_wconf 73' lang='lat' dir='ltr'><strong>Muta</strong></span> <span class='ocrx_word' id='word_1_370' title='bbox 2280 3291 2435 3338; x_wconf 77' lang='lat' dir='ltr'><strong>metu</strong></span> 
     </span>
     <span class='ocr_line' id='line_1_39' title="bbox 140 3344 2432 3416; baseline 0.002 -19"><span class='ocrx_word' id='word_1_371' title='bbox 140 3353 344 3399; x_wconf 71' lang='lat' dir='ltr'><strong>ternam</strong></span> <span class='ocrx_word' id='word_1_372' title='bbox 389 3346 640 3416; x_wconf 80' lang='lat' dir='ltr'><strong>genibus</strong></span> <span class='ocrx_word' id='word_1_373' title='bbox 685 3344 968 3400; x_wconf 77' lang='lat' dir='ltr'><strong>submissa</strong></span> <span class='ocrx_word' id='word_1_374' title='bbox 1009 3344 1262 3415; x_wconf 47' lang='lat' dir='ltr'><strong>petebat.</strong></span> <span class='ocrx_word' id='word_1_375' title='bbox 1298 3375 1366 3387; x_wconf 89' lang='lat'><strong>—</strong></span> <span class='ocrx_word' id='word_1_376' title='bbox 1431 3346 1517 3401; x_wconf 82' lang='lat'><strong>94.</strong></span> <span class='ocrx_word' id='word_1_377' title='bbox 1553 3347 1886 3407; x_wconf 78' lang='lat' dir='ltr'><strong>oraculum,</strong></span> <span class='ocrx_word' id='word_1_378' title='bbox 1936 3355 1997 3398; x_wconf 85' lang='lat' dir='ltr'><strong>ut</strong></span> <span class='ocrx_word' id='word_1_379' title='bbox 2048 3345 2168 3399; x_wconf 84' lang='lat' dir='ltr'><strong>fieri</strong></span> <span class='ocrx_word' id='word_1_380' title='bbox 2222 3351 2432 3416; x_wconf 84' lang='lat' dir='ltr'><strong>soleat,</strong></span> 
     </span>
     <span class='ocr_line' id='line_1_40' title="bbox 142 3411 2432 3485; baseline 0.003 -22"><span class='ocrx_word' id='word_1_381' title='bbox 142 3411 408 3482; x_wconf 80' lang='lat' dir='ltr'><strong>ambig‘nis</strong></span> <span class='ocrx_word' id='word_1_382' title='bbox 475 3413 841 3485; x_wconf 79' lang='lat' dir='ltr'><strong>obscurisque</strong></span> <span class='ocrx_word' id='word_1_383' title='bbox 889 3413 1080 3468; x_wconf 83' lang='lat' dir='ltr'><strong>verbis</strong></span> <span class='ocrx_word' id='word_1_384' title='bbox 1138 3423 1472 3482; x_wconf 86' lang='lat' dir='ltr'><strong>conceptum</strong></span> <span class='ocrx_word' id='word_1_385' title='bbox 1537 3430 1690 3479; x_wconf 89' lang='lat' dir='ltr'><strong>esse,</strong></span> <span class='ocrx_word' id='word_1_386' title='bbox 1747 3414 2011 3467; x_wconf 84' lang='lat' dir='ltr'><strong>admonet</strong></span> <span class='ocrx_word' id='word_1_387' title='bbox 2067 3413 2156 3468; x_wconf 83' lang='lat' dir='ltr'><strong>H.</strong></span> <span class='ocrx_word' id='word_1_388' title='bbox 2175 3452 2199 3481; x_wconf 90' lang='lat'>‚</span> <span class='ocrx_word' id='word_1_389' title='bbox 2264 3417 2432 3472; x_wconf 76' lang='lat' dir='ltr'><strong>simul</strong></span> 
     </span>
     <span class='ocr_line' id='line_1_41' title="bbox 140 3479 2437 3551; baseline 0.003 -20"><span class='ocrx_word' id='word_1_390' title='bbox 140 3495 573 3536; x_wconf 85' lang='lat' dir='ltr'><strong>commemorans</strong></span> <span class='ocrx_word' id='word_1_391' title='bbox 589 3521 603 3547; x_wconf 93' lang='lat'><strong>,</strong></span> <span class='ocrx_word' id='word_1_392' title='bbox 630 3479 918 3534; x_wconf 81' lang='lat' dir='ltr'><strong>Macrobio</strong></span> <span class='ocrx_word' id='word_1_393' title='bbox 939 3483 1132 3535; x_wconf 83' lang='lat' dir='ltr'><strong>Somn.</strong></span> <span class='ocrx_word' id='word_1_394' title='bbox 1155 3482 1303 3551; x_wconf 88' lang='lat' dir='ltr'><strong>Scip.</strong></span> <span class='ocrx_word' id='word_1_395' title='bbox 1325 3485 1365 3543; x_wconf 88' lang='grc' dir='ltr'><strong>Ι,</strong></span> <span class='ocrx_word' id='word_1_396' title='bbox 1388 3487 1441 3535; x_wconf 90' lang='grc'><strong>7.</strong></span> <span class='ocrx_word' id='word_1_397' title='bbox 1467 3480 1898 3551; x_wconf 79' lang='lat' dir='ltr'><strong>appellationem</strong></span> <span class='ocrx_word' id='word_1_398' title='bbox 1927 3481 2437 3538; x_wconf 75' lang='lat' dir='ltr'><strong>Dardanidae</strong></span> 
     </span>
     <span class='ocr_line' id='line_1_42' title="bbox 143 3545 2433 3623; baseline 0.003 -25"><span class='ocrx_word' id='word_1_399' title='bbox 143 3545 226 3599; x_wconf 83' lang='lat' dir='ltr'><strong>hic</strong></span> <span class='ocrx_word' id='word_1_400' title='bbox 271 3551 615 3618; x_wconf 84' lang='lat' dir='ltr'><strong>aptissimam</strong></span> <span class='ocrx_word' id='word_1_401' title='bbox 663 3566 785 3602; x_wconf 79' lang='lat' dir='ltr'><strong>esse</strong></span> <span class='ocrx_word' id='word_1_402' title='bbox 821 3550 1026 3616; x_wconf 82' lang='lat' dir='ltr'><strong>visam,</strong></span> <span class='ocrx_word' id='word_1_403' title='bbox 1077 3567 1251 3622; x_wconf 85' lang='lat' dir='ltr'><strong>quum</strong></span> <span class='ocrx_word' id='word_1_404' title='bbox 1302 3548 1445 3603; x_wconf 71' lang='lat' dir='ltr'><strong>infra</strong></span> <span class='ocrx_word' id='word_1_405' title='bbox 1478 3566 1534 3602; x_wconf 84' lang='lat' dir='ltr'><strong>v.</strong></span> <span class='ocrx_word' id='word_1_406' title='bbox 1574 3548 1689 3602; x_wconf 84' lang='grc'><strong>163.</strong></span> <span class='ocrx_word' id='word_1_407' title='bbox 1726 3567 1853 3623; x_wconf 82' lang='lat' dir='ltr'><strong>sqq.</strong></span> <span class='ocrx_word' id='word_1_408' title='bbox 1921 3551 2072 3602; x_wconf 75' lang='lat' dir='ltr'><strong>ltalia</strong></span> <span class='ocrx_word' id='word_1_409' title='bbox 2124 3559 2433 3620; x_wconf 83' lang='lat' dir='ltr'><strong>spectetur,</strong></span> 
     </span>
     <span class='ocr_line' id='line_1_43' title="bbox 141 3614 2433 3698; baseline 0.003 -33"><span class='ocrx_word' id='word_1_410' title='bbox 141 3615 283 3668; x_wconf 86' lang='lat' dir='ltr'><strong>unde</strong></span> <span class='ocrx_word' id='word_1_411' title='bbox 315 3619 614 3671; x_wconf 85' lang='lat' dir='ltr'><strong>Dardanus</strong></span> <span class='ocrx_word' id='word_1_412' title='bbox 643 3616 918 3685; x_wconf 79' lang='lat' dir='ltr'><strong>originem</strong></span> <span class='ocrx_word' id='word_1_413' title='bbox 954 3617 1161 3671; x_wconf 88' lang='lat' dir='ltr'><strong>habere</strong></span> <span class='ocrx_word' id='word_1_414' title='bbox 1192 3616 1448 3698; x_wconf 75' lang='lat' dir='ltr'><strong>fingatur.</strong></span> <span class='ocrx_word' id='word_1_415' title='bbox 1483 3643 1551 3656; x_wconf 89' lang='lat'><strong>—</strong></span> <span class='ocrx_word' id='word_1_416' title='bbox 1584 3617 1805 3684; x_wconf 73' lang='lat' dir='ltr'><strong>duri,</strong></span> <span class='ocrx_word' id='word_1_417' title='bbox 1842 3614 2234 3681; x_wconf 59' lang='grc' dir='ltr'><strong>πολυτλήμονες,</strong></span> <span class='ocrx_word' id='word_1_418' title='bbox 2268 3616 2433 3671; x_wconf 83' lang='lat' dir='ltr'><strong>labo·</strong></span> 
     </span>
     <span class='ocr_line' id='line_1_44' title="bbox 143 3680 2437 3753; baseline 0.002 -20"><span class='ocrx_word' id='word_1_419' title='bbox 143 3680 288 3737; x_wconf 87' lang='lat' dir='ltr'><strong>ribus</strong></span> <span class='ocrx_word' id='word_1_420' title='bbox 322 3684 616 3751; x_wconf 82' lang='lat' dir='ltr'><strong>obdurati,</strong></span> <span class='ocrx_word' id='word_1_421' title='bbox 665 3693 747 3737; x_wconf 86' lang='lat' dir='ltr'><strong>tot</strong></span> <span class='ocrx_word' id='word_1_422' title='bbox 805 3682 1025 3739; x_wconf 83' lang='lat' dir='ltr'><strong>labores</strong></span> <span class='ocrx_word' id='word_1_423' title='bbox 1075 3694 1307 3753; x_wconf 74' lang='lat' dir='ltr'><strong>experti.</strong></span> <span class='ocrx_word' id='word_1_424' title='bbox 1377 3685 1512 3739; x_wconf 89' lang='lat' dir='ltr'><strong>Vid.</strong></span> <span class='ocrx_word' id='word_1_425' title='bbox 1566 3684 1710 3739; x_wconf 73' lang='lat' dir='ltr'><strong>infra</strong></span> <span class='ocrx_word' id='word_1_426' title='bbox 1745 3689 1855 3753; x_wconf 89' lang='lat' dir='ltr'><strong>IX,</strong></span> <span class='ocrx_word' id='word_1_427' title='bbox 1891 3687 2012 3739; x_wconf 75' lang='lat'><strong>⁴68.</strong></span> <span class='ocrx_word' id='word_1_428' title='bbox 2044 3688 2166 3738; x_wconf 81' lang='grc'><strong>603.</strong></span> <span class='ocrx_word' id='word_1_429' title='bbox 2217 3686 2318 3738; x_wconf 87' lang='lat' dir='ltr'><strong>Ge.</strong></span> <span class='ocrx_word' id='word_1_430' title='bbox 2352 3681 2437 3753; x_wconf 75' lang='grc' dir='ltr'><strong>Π,</strong></span> 
     </span>
     <span class='ocr_line' id='line_1_45' title="bbox 147 3750 2435 3827; baseline 0.003 -26"><span class='ocrx_word' id='word_1_431' title='bbox 147 3751 252 3805; x_wconf 87' lang='grc'><strong>179.</strong></span> <span class='ocrx_word' id='word_1_432' title='bbox 284 3782 352 3794; x_wconf 92' lang='grc'><strong>-</strong></span> <span class='ocrx_word' id='word_1_433' title='bbox 413 3770 608 3827; x_wconf 80' lang='lat' dir='ltr'><strong>quae</strong></span> <span class='ocrx_word' id='word_1_434' title='bbox 651 3768 786 3806; x_wconf 85' lang='lat' dir='ltr'><strong>vos</strong></span> <span class='ocrx_word' id='word_1_435' title='bbox 833 3770 874 3807; x_wconf 81' lang='lat' dir='ltr'><strong><em>a</em></strong></span> <span class='ocrx_word' id='word_1_436' title='bbox 921 3752 1165 3824; x_wconf 77' lang='lat' dir='ltr'><strong>stirpe</strong></span> <span class='ocrx_word' id='word_1_437' title='bbox 1210 3752 1339 3808; x_wconf 77' lang='lat' dir='ltr'><strong>Pr.</strong></span> <span class='ocrx_word' id='word_1_438' title='bbox 1373 3762 1418 3807; x_wconf 73' lang='lat' dir='ltr'><strong>t.</strong></span> <span class='ocrx_word' id='word_1_439' title='bbox 1457 3764 1545 3820; x_wconf 68' lang='grc'><strong>1.,</strong></span> <span class='ocrx_word' id='word_1_440' title='bbox 1596 3755 1791 3819; x_wconf 85' lang='lat' dir='ltr'><strong>tellus,</strong></span> <span class='ocrx_word' id='word_1_441' title='bbox 1831 3770 1983 3826; x_wconf 74' lang='lat' dir='ltr'><strong>»quae</strong></span> <span class='ocrx_word' id='word_1_442' title='bbox 2016 3751 2192 3819; x_wconf 89' lang='lat' dir='ltr'><strong>prima</strong></span> <span class='ocrx_word' id='word_1_443' title='bbox 2231 3750 2365 3805; x_wconf 90' lang='lat' dir='ltr'><strong>inde</strong></span> <span class='ocrx_word' id='word_1_444' title='bbox 2398 3771 2435 3809; x_wconf 70' lang='lat' dir='ltr'><strong>a</strong></span> 
     </span>
     <span class='ocr_line' id='line_1_46' title="bbox 145 3818 2434 3903; baseline 0.001 -33"><span class='ocrx_word' id='word_1_445' title='bbox 145 3833 472 3885; x_wconf 82' lang='lat' dir='ltr'><strong>proavorum</strong></span> <span class='ocrx_word' id='word_1_446' title='bbox 521 3829 770 3903; x_wconf 81' lang='lat' dir='ltr'><strong>tempore</strong></span> <span class='ocrx_word' id='word_1_447' title='bbox 820 3830 1042 3891; x_wconf 79' lang='lat' dir='ltr'><strong>gentem</strong></span> <span class='ocrx_word' id='word_1_448' title='bbox 1091 3831 1329 3874; x_wconf 68' lang='lat' dir='ltr'><strong>vestram</strong></span> <span class='ocrx_word' id='word_1_449' title='bbox 1377 3821 1548 3888; x_wconf 88' lang='lat' dir='ltr'><strong>aluit,</strong></span> <span class='ocrx_word' id='word_1_450' title='bbox 1594 3820 1657 3874; x_wconf 89' lang='lat' dir='ltr'><strong>in</strong></span> <span class='ocrx_word' id='word_1_451' title='bbox 1690 3837 1800 3891; x_wconf 86' lang='lat' dir='ltr'><strong>qua</strong></span> <span class='ocrx_word' id='word_1_452' title='bbox 1833 3820 2026 3891; x_wconf 79' lang='lat' dir='ltr'><strong>proavi</strong></span> <span class='ocrx_word' id='word_1_453' title='bbox 2060 3819 2229 3872; x_wconf 74' lang='lat' dir='ltr'><strong>vestri</strong></span> <span class='ocrx_word' id='word_1_454' title='bbox 2264 3818 2434 3874; x_wconf 87' lang='lat' dir='ltr'><strong>habi-</strong></span> 
     </span>
     <span class='ocr_line' id='line_1_47' title="bbox 145 3887 2435 3962; baseline 0.003 -25"><span class='ocrx_word' id='word_1_455' title='bbox 145 3893 326 3941; x_wconf 85' lang='lat' dir='ltr'><strong>tarunt.</strong></span> <span class='ocrx_word' id='word_1_456' title='bbox 359 3914 427 3928; x_wconf 92' lang='lat'><strong>-—</strong></span> <span class='ocrx_word' id='word_1_457' title='bbox 468 3906 509 3943; x_wconf 81' lang='lat' dir='ltr'><strong><em>a</em></strong></span> <span class='ocrx_word' id='word_1_458' title='bbox 542 3898 822 3957; x_wconf 63' lang='lat' dir='ltr'><strong>stirpe,</strong></span> <span class='ocrx_word' id='word_1_459' title='bbox 862 3905 1007 3962; x_wconf 88' lang='lat' dir='ltr'><strong>quae</strong></span> <span class='ocrx_word' id='word_1_460' title='bbox 1048 3890 1301 3943; x_wconf 81' lang='lat' dir='ltr'><strong>omnium</strong></span> <span class='ocrx_word' id='word_1_461' title='bbox 1329 3888 1511 3942; x_wconf 87' lang='lat' dir='ltr'><strong>Codd.</strong></span> <span class='ocrx_word' id='word_1_462' title='bbox 1549 3897 1632 3943; x_wconf 87' lang='lat' dir='ltr'><strong>est</strong></span> <span class='ocrx_word' id='word_1_463' title='bbox 1662 3887 1858 3954; x_wconf 86' lang='lat' dir='ltr'><strong>lectio,</strong></span> <span class='ocrx_word' id='word_1_464' title='bbox 1896 3887 2102 3959; x_wconf 77' lang='lat' dir='ltr'><strong>Wagii.</strong></span> <span class='ocrx_word' id='word_1_465' title='bbox 2142 3888 2249 3956; x_wconf 84' lang='lat' dir='ltr'><strong>Qu.</strong></span> <span class='ocrx_word' id='word_1_466' title='bbox 2283 3889 2435 3959; x_wconf 72' lang='lat' dir='ltr'><strong>Virg-</strong></span> 
     </span>
     <span class='ocr_line' id='line_1_48' title="bbox 144 3952 2436 4028; baseline 0.004 -25"><span class='ocrx_word' id='word_1_467' title='bbox 144 3952 194 4019; x_wconf 88' lang='lat'><strong>1,</strong></span> <span class='ocrx_word' id='word_1_468' title='bbox 225 3959 274 4008; x_wconf 87' lang='lat'><strong>2.</strong></span> <span class='ocrx_word' id='word_1_469' title='bbox 319 3955 622 4027; x_wconf 81' lang='lat' dir='ltr'><strong>Virgilium</strong></span> <span class='ocrx_word' id='word_1_470' title='bbox 659 3956 940 4025; x_wconf 85' lang='lat' dir='ltr'><strong>scripsisse</strong></span> <span class='ocrx_word' id='word_1_471' title='bbox 976 3967 1193 4024; x_wconf 85' lang='lat' dir='ltr'><strong>censet,</strong></span> <span class='ocrx_word' id='word_1_472' title='bbox 1243 3958 1395 4028; x_wconf 84' lang='lat' dir='ltr'><strong>quod</strong></span> <span class='ocrx_word' id='word_1_473' title='bbox 1433 3955 1510 4010; x_wconf 81' lang='lat' dir='ltr'><strong>ab</strong></span> <span class='ocrx_word' id='word_1_474' title='bbox 1554 3954 1772 4025; x_wconf 72' lang='lat' dir='ltr'><strong>stirpe,</strong></span> <span class='ocrx_word' id='word_1_475' title='bbox 1825 3954 2178 4026; x_wconf 72' lang='lat' dir='ltr'><strong>praegressis·</strong></span> <span class='ocrx_word' id='word_1_476' title='bbox 2207 3954 2436 4012; x_wconf 77' lang='lat' dir='ltr'><strong>duobus</strong></span> 
     </span>
     <span class='ocr_line' id='line_1_49' title="bbox 143 4022 2432 4091; baseline 0.002 -17"><span class='ocrx_word' id='word_1_477' title='bbox 143 4022 422 4079; x_wconf 83' lang='lat' dir='ltr'><strong>vocabulis</strong></span> <span class='ocrx_word' id='word_1_478' title='bbox 470 4023 904 4091; x_wconf 81' lang='lat' dir='ltr'><strong>monosyllabis,</strong></span> <span class='ocrx_word' id='word_1_479' title='bbox 963 4025 1159 4080; x_wconf 84' lang='lat' dir='ltr'><strong>durius</strong></span> <span class='ocrx_word' id='word_1_480' title='bbox 1204 4024 1507 4078; x_wconf 78' lang='lat' dir='ltr'><strong>videretur.</strong></span> <span class='ocrx_word' id='word_1_481' title='bbox 1576 4023 1662 4077; x_wconf 81' lang='lat' dir='ltr'><strong>Cl&#39;.</strong></span> <span class='ocrx_word' id='word_1_482' title='bbox 1710 4024 1920 4077; x_wconf 81' lang='lat' dir='ltr'><strong>adnott.</strong></span> <span class='ocrx_word' id='word_1_483' title='bbox 1979 4024 2048 4078; x_wconf 86' lang='lat' dir='ltr'><strong>ad</strong></span> <span class='ocrx_word' id='word_1_484' title='bbox 2086 4024 2185 4075; x_wconf 87' lang='lat' dir='ltr'><strong>Ge.</strong></span> <span class='ocrx_word' id='word_1_485' title='bbox 2219 4026 2275 4081; x_wconf 79' lang='lat'><strong>1.</strong></span> <span class='ocrx_word' id='word_1_486' title='bbox 2316 4030 2432 4088; x_wconf 67' lang='lat'><strong>171.</strong></span> 
     </span>
     <span class='ocr_line' id='line_1_50' title="bbox 148 4090 2430 4163; baseline 0 -16"><span class='ocrx_word' id='word_1_487' title='bbox 148 4092 316 4147; x_wconf 83' lang='lat'><strong>-95.</strong></span> <span class='ocrx_word' id='word_1_488' title='bbox 350 4091 579 4146; x_wconf 74' lang='lat' dir='ltr'><strong>ubere</strong></span> <span class='ocrx_word' id='word_1_489' title='bbox 612 4090 842 4158; x_wconf 71' lang='lat' dir='ltr'><strong>laeto,</strong></span> <span class='ocrx_word' id='word_1_490' title='bbox 882 4095 1003 4146; x_wconf 89' lang='lat' dir='ltr'><strong>solo</strong></span> <span class='ocrx_word' id='word_1_491' title='bbox 1036 4092 1231 4163; x_wconf 75' lang='lat' dir='ltr'><strong>pingui</strong></span> <span class='ocrx_word' id='word_1_492' title='bbox 1267 4101 1323 4146; x_wconf 89' lang='lat' dir='ltr'><strong>et</strong></span> <span class='ocrx_word' id='word_1_493' title='bbox 1362 4091 1546 4146; x_wconf 81' lang='lat' dir='ltr'><strong>fertili.</strong></span> <span class='ocrx_word' id='word_1_494' title='bbox 1584 4090 1712 4146; x_wconf 92' lang='lat' dir='ltr'><strong>Vid.</strong></span> <span class='ocrx_word' id='word_1_495' title='bbox 1749 4091 1822 4143; x_wconf 85' lang='lat' dir='ltr'><strong>ad</strong></span> <span class='ocrx_word' id='word_1_496' title='bbox 1847 4095 1911 4159; x_wconf 69' lang='lat'><strong>1,</strong></span> <span class='ocrx_word' id='word_1_497' title='bbox 1952 4093 2071 4146; x_wconf 71' lang='lat'><strong>53¹.</strong></span> <span class='ocrx_word' id='word_1_498' title='bbox 2108 4120 2176 4132; x_wconf 88' lang='lat'><strong>—-</strong></span> <span class='ocrx_word' id='word_1_499' title='bbox 2244 4093 2313 4145; x_wconf 91' lang='lat' dir='ltr'><strong>V.</strong></span> <span class='ocrx_word' id='word_1_500' title='bbox 2341 4095 2430 4147; x_wconf 87' lang='grc'><strong>97.</strong></span> 
     </span>
     <span class='ocr_line' id='line_1_51' title="bbox 151 4157 2431 4231; baseline 0.002 -22"><span class='ocrx_word' id='word_1_501' title='bbox 151 4165 200 4209; x_wconf 83' lang='lat' dir='ltr'><strong>et</strong></span> <span class='ocrx_word' id='word_1_502' title='bbox 228 4162 310 4215; x_wconf 78' lang='lat'><strong>98.</strong></span> <span class='ocrx_word' id='word_1_503' title='bbox 346 4159 549 4231; x_wconf 83' lang='lat' dir='ltr'><strong>integri</strong></span> <span class='ocrx_word' id='word_1_504' title='bbox 590 4167 723 4215; x_wconf 78' lang='lat' dir='ltr'><strong>sunt</strong></span> <span class='ocrx_word' id='word_1_505' title='bbox 761 4176 829 4211; x_wconf 90' lang='lat' dir='ltr'><strong>ex</strong></span> <span class='ocrx_word' id='word_1_506' title='bbox 863 4162 1030 4216; x_wconf 83' lang='lat' dir='ltr'><strong>Hom.</strong></span> <span class='ocrx_word' id='word_1_507' title='bbox 1056 4162 1118 4212; x_wconf 87' lang='grc' dir='ltr'><strong>ΙΙ.</strong></span> <span class='ocrx_word' id='word_1_508' title='bbox 1144 4165 1288 4227; x_wconf 86' lang='lat' dir='ltr'><strong>XX,</strong></span> <span class='ocrx_word' id='word_1_509' title='bbox 1326 4164 1454 4214; x_wconf 83' lang='grc'><strong>307.</strong></span> <span class='ocrx_word' id='word_1_510' title='bbox 1481 4164 1599 4216; x_wconf 82' lang='grc'><strong>308.</strong></span> <span class='ocrx_word' id='word_1_511' title='bbox 1633 4160 1915 4228; x_wconf 75' lang='lat' dir='ltr'><strong>translati,</strong></span> <span class='ocrx_word' id='word_1_512' title='bbox 1953 4158 2054 4214; x_wconf 82' lang='lat' dir='ltr'><strong>nbi</strong></span> <span class='ocrx_word' id='word_1_513' title='bbox 2089 4158 2227 4213; x_wconf 84' lang='lat' dir='ltr'><strong>haec</strong></span> <span class='ocrx_word' id='word_1_514' title='bbox 2254 4157 2431 4215; x_wconf 75' lang='lat' dir='ltr'><strong>verba</strong></span> 
     </span>
     <span class='ocr_line' id='line_1_52' title="bbox 146 4217 2431 4300; baseline 0.002 -23"><span class='ocrx_word' id='word_1_515' title='bbox 146 4222 371 4295; x_wconf 71' lang='lat' dir='ltr'><strong>Neptuni</strong></span> <span class='ocrx_word' id='word_1_516' title='bbox 407 4231 706 4299; x_wconf 70' lang='lat' dir='ltr'><strong>leguntur:</strong></span> <span class='ocrx_word' id='word_1_517' title='bbox 741 4227 857 4281; x_wconf 56' lang='lat' dir='ltr'><strong>Nou</strong></span> <span class='ocrx_word' id='word_1_518' title='bbox 889 4230 939 4281; x_wconf 66' lang='grc' dir='ltr'><strong>δὲ</strong></span> <span class='ocrx_word' id='word_1_519' title='bbox 973 4230 1030 4295; x_wconf 73' lang='grc' dir='ltr'><em>δῆ</em></span> <span class='ocrx_word' id='word_1_520' title='bbox 1065 4227 1256 4282; x_wconf 71' lang='grc' dir='ltr'><strong>Αἰνείαο</strong></span> <span class='ocrx_word' id='word_1_521' title='bbox 1287 4230 1375 4295; x_wconf 80' lang='grc' dir='ltr'><strong>βίη</strong></span> <span class='ocrx_word' id='word_1_522' title='bbox 1409 4228 1665 4300; x_wconf 63' lang='grc' dir='ltr'><strong>Τρώεσσιν</strong></span> <span class='ocrx_word' id='word_1_523' title='bbox 1695 4217 1889 4297; x_wconf 50' lang='lat' dir='ltr'><strong>fodiat,</strong></span> <span class='ocrx_word' id='word_1_524' title='bbox 1923 4228 2007 4281; x_wconf 65' lang='grc' dir='ltr'><strong>καὶ</strong></span> <span class='ocrx_word' id='word_1_525' title='bbox 2041 4231 2224 4281; x_wconf 66' lang='grc' dir='ltr'><strong><em>παίδων</em></strong></span> <span class='ocrx_word' id='word_1_526' title='bbox 2247 4230 2431 4294; x_wconf 51' lang='lat' dir='ltr'><strong>waizos,</strong></span> 
     </span>
     <span class='ocr_line' id='line_1_53' title="bbox 145 4296 2433 4369; baseline 0.002 -25"><span class='ocrx_word' id='word_1_527' title='bbox 145 4300 210 4344; x_wconf 71' lang='lat' dir='ltr'><strong>&lt;roi</strong></span> <span class='ocrx_word' id='word_1_528' title='bbox 234 4315 307 4347; x_wconf 77' lang='grc' dir='ltr'><strong>κεν</strong></span> <span class='ocrx_word' id='word_1_529' title='bbox 331 4299 601 4361; x_wconf 71' lang='grc' dir='ltr'><strong><em>μετόπισθε</em></strong></span> <span class='ocrx_word' id='word_1_530' title='bbox 622 4299 882 4368; x_wconf 55' lang='lat' dir='ltr'><strong>vium-arm</strong></span> <span class='ocrx_word' id='word_1_531' title='bbox 910 4296 1107 4369; x_wconf 84' lang='lat' dir='ltr'><strong>(quem</strong></span> <span class='ocrx_word' id='word_1_532' title='bbox 1136 4299 1370 4351; x_wconf 87' lang='lat' dir='ltr'><strong>alterum</strong></span> <span class='ocrx_word' id='word_1_533' title='bbox 1393 4314 1635 4363; x_wconf 80' lang='lat' dir='ltr'><strong>versum,</strong></span> <span class='ocrx_word' id='word_1_534' title='bbox 1661 4296 1865 4353; x_wconf 73' lang='lat' dir='ltr'><strong>Servio</strong></span> <span class='ocrx_word' id='word_1_535' title='bbox 1885 4306 2127 4363; x_wconf 80' lang='lat' dir='ltr'><strong>auctore,</strong></span> <span class='ocrx_word' id='word_1_536' title='bbox 2153 4299 2433 4350; x_wconf 78' lang='lat' dir='ltr'><strong>Homerus</strong></span> 
     </span>
     <span class='ocr_line' id='line_1_54' title="bbox 148 4358 2434 4435; baseline 0.001 -20"><span class='ocrx_word' id='word_1_537' title='bbox 148 4358 373 4431; x_wconf 82' lang='lat' dir='ltr'><strong>Orpheo,</strong></span> <span class='ocrx_word' id='word_1_538' title='bbox 406 4363 665 4434; x_wconf 79' lang='lat' dir='ltr'><strong>Orpheus</strong></span> <span class='ocrx_word' id='word_1_539' title='bbox 695 4372 878 4417; x_wconf 85' lang='lat' dir='ltr'><strong>autem</strong></span> <span class='ocrx_word' id='word_1_540' title='bbox 903 4366 1126 4418; x_wconf 84' lang='lat' dir='ltr'><strong>oraculo</strong></span> <span class='ocrx_word' id='word_1_541' title='bbox 1145 4364 1419 4432; x_wconf 84' lang='lat' dir='ltr'><strong>Apollinis</strong></span> <span class='ocrx_word' id='word_1_542' title='bbox 1434 4361 1786 4435; x_wconf 86' lang='lat' dir='ltr'><strong>Hyperborei</strong></span> <span class='ocrx_word' id='word_1_543' title='bbox 1816 4363 2084 4431; x_wconf 79' lang='lat' dir='ltr'><strong>sustulit.)</strong></span> <span class='ocrx_word' id='word_1_544' title='bbox 2112 4364 2434 4435; x_wconf 74' lang='lat' dir='ltr'><strong>Respondet</strong></span> 
     </span>
     <span class='ocr_line' id='line_1_55' title="bbox 148 4431 2432 4506; baseline 0.004 -29"><span class='ocrx_word' id='word_1_545' title='bbox 148 4437 318 4485; x_wconf 86' lang='lat' dir='ltr'><strong>autem</strong></span> <span class='ocrx_word' id='word_1_546' title='bbox 344 4432 488 4488; x_wconf 79' lang='lat' dir='ltr'><strong>deus</strong></span> <span class='ocrx_word' id='word_1_547' title='bbox 511 4431 585 4487; x_wconf 89' lang='lat' dir='ltr'><strong>ad</strong></span> <span class='ocrx_word' id='word_1_548' title='bbox 613 4431 845 4491; x_wconf 80' lang='lat' dir='ltr'><strong>Aeneae</strong></span> <span class='ocrx_word' id='word_1_549' title='bbox 866 4431 1044 4487; x_wconf 78' lang='lat' dir='ltr'><strong>verba</strong></span> <span class='ocrx_word' id='word_1_550' title='bbox 1071 4435 1223 4490; x_wconf 67' lang='grc' dir='ltr'><strong>ν.85.</strong></span> <span class='ocrx_word' id='word_1_551' title='bbox 1240 4435 1328 4489; x_wconf 86' lang='grc'><strong>86.</strong></span> <span class='ocrx_word' id='word_1_552' title='bbox 1344 4461 1412 4475; x_wconf 94' lang='lat'><em>-</em></span> <span class='ocrx_word' id='word_1_553' title='bbox 1438 4435 1525 4490; x_wconf 79' lang='grc'><strong>99.</strong></span> <span class='ocrx_word' id='word_1_554' title='bbox 1556 4431 1796 4506; x_wconf 66' lang='lat' dir='ltr'><strong>ingens</strong></span> <span class='ocrx_word' id='word_1_555' title='bbox 1817 4431 2019 4491; x_wconf 60' lang='lat' dir='ltr'><strong>laelii</strong></span> <span class='ocrx_word' id='word_1_556' title='bbox 2029 4433 2120 4503; x_wconf 67' lang='lat' dir='ltr'><strong>ia,⁸</strong></span> <span class='ocrx_word' id='word_1_557' title='bbox 2141 4450 2220 4489; x_wconf 73' lang='lat' dir='ltr'><strong>ex</strong></span> <span class='ocrx_word' id='word_1_558' title='bbox 2247 4431 2432 4488; x_wconf 68' lang='lat' dir='ltr'><strong>fauno</strong></span> 
     </span>
    </p>
   </div>
  </div>
 </body>
</html>
