2870 4981
925 267 928 272 ’
969 288 1383 360 muamus
1451 288 1606 356 Llss.
1642 290 1744 356 ιν.
2392 289 2527 365 43⁵

184 487 423 558 Dixin·
448 494 544 568 et,
587 504 654 547 os
700 481 990 563 impressa
1032 489 1192 559 toro,
1236 477 1562 540 Morientur
1604 476 1856 559 inultae3
1917 521 1922 526 ·

187 576 325 637 Sed
369 570 715 649 moriamur,
758 566 861 631 ait.
950 565 1087 644 Sic,
1132 565 1220 627 sic
1261 565 1423 626 iuvat
1466 563 1554 624 ire
1594 566 1704 625 sub
1749 568 2007 631 umbras.
2147 601 2151 605 -
2394 569 2528 635 660

187 658 455 728 Hauriat
494 658 648 718 hunc
686 651 870 732 occulis
908 653 1105 732 ignem
1152 649 1401 715 crudelis
1445 650 1519 709 ab
1561 648 1678 710 alto

185 745 547 820 Dardanus,
592 750 650 802 et
686 747 918 800 nostrae
960 757 1156 798 secum
1202 736 1355 797 ferat
1397 733 1591 796 omina
1629 732 1855 799 mortis.

184 830 481 907 Dixerat3
526 834 697 904 atque
739 823 901 884 illum
938 822 1126 883 media
1168 820 1320 882 inter
1360 819 1505 891 talia
1544 819 1703 892 ferro

189 914 543 995 collapsam
587 908 913 989 adspiciunt
954 905 1231 986 comites,
1274 924 1585 985 ensemque
1627 924 1838 966 cruore

187 1001 581 1081 Spumantem
625 1013 981 1073 sparsasque
1018 1011 1247 1055 manua.
1331 989 1385 1052 lt
1426 988 1645 1051 clamor
1679 992 1754 1051 ad
1790 989 1918 1054 alta
2392 992 2526 1062 665
2610 995 2616 1008 ’

188 1085 403 1162 Atriaz,
448 1100 791 1144 concussam
836 1078 1149 1140 bacchatur
1187 1076 1349 1137 fama
1384 1096 1493 1153 per
1533 1077 1757 1140 urbem.

189 1157 508 1233 Lamentis
556 1165 885 1247 gemituque
933 1161 1279 1224 etsemineo
1317 1160 1541 1222 ululatu
1710 1221 1724 1229 ,

191 1256 395 1317 Tecta
434 1253 714 1329 fremuutr,
759 1256 994 1309 resonat
1036 1249 1270 1326 magnis
1311 1243 1695 1328 plangoribus
1736 1246 1968 1308 aether:

191 1340 342 1403 Non
386 1337 556 1401 aliter
599 1355 769 1416 quam
815 1333 867 1395 si
908 1331 1190 1394 immissis
1233 1342 1367 1393 ruat
1402 1330 1667 1392 hostibus
1712 1333 1902 1409 omnis

194 1425 545 1503 Carthago,
591 1429 691 1481 ant
736 1411 1246 1499 antiqua‘Tyros‚
1289 1417 1669 1500 flammaeque
1710 1415 2007 1482 furentes
2392 1421 2526 1489 67⁰

196 1508 487 1573 culmina
528 1524 745 1587 perque
787 1504 1082 1565 hominum
1123 1502 1430 1566 volvantur
1471 1520 1688 1584 perque
1735 1503 1994 1566 deorum.

187 1591 702 1617 —-——-————i———
815 1593 828 1604 ⁶
1016 1599 1020 1608 ι

198 1671 274 1685 ...-
315 1643 437 1696 659.
473 1658 598 1713 sqq.
637 1639 762 1706 „Et
815 1635 923 1690 hoc
969 1634 1143 1689 animi
1181 1634 1388 1706 ,magni
1445 1631 1781 1704 et'stiperbi
1833 1642 1949 1705 est,
2000 1635 2155 1708 quod
2188 1636 2427 1696 inultam
2464 1658 2530 1700 se

200 1709 385 1776 mori,
437 1708 544 1761 hoc
565 1709 669 1761 vel
705 1704 952 1759 maxime
998 1702 1215 1774 pungit.
1287 1703 1544 1757 'sartdem
1580 1702 1936 1774 pro·ultione
1969 1713 2026 1757 et
2058 1706 2255 1762 solatio
2288 1705 2531 1766 habetur

200 1780 410 1834 saltem
450 1776 588 1841 hoc,
639 1774 794 1845 quod
834 1782 1196 1840 conspectum
1243 1771 1438 1825 mortis
1473 1788 1606 1825 suae
1643 1779 1698 1823 et
1731 1787 1861 1824 cum
1895 1771 2006 1826 hoc
2039 1777 2357 1841 spectaculo
2433 1771 2528 1832 ei·-

198 1845 379 1901 fidiae
414 1842 815 1913 poenitentiam
844 1839 1129 1895 obiectum
1160 1838 1225 1892 iri
1255 1840 1482 1893 Aeneae
1518 1837 1880 1919 prospicienti
1915 1840 2181 1911 cogitat.“
2207 1841 2296 1897 H.
2337 1794 2528 1901 TKffl,

200 1915 281 1967 de
355 1912 463 1965 hac
526 1919 784 1963 veterum
834 1907 1114 1978 cogitandi
1165 1908 1379 1961 ratione
1424 1907 1665 1961 conferri
1731 1905 1886 1970 iubet
1933 1908 2208 1964 Valcken.
2268 1910 2339 1964 ad
2391 1914 2526 1968 Eur.

197 1980 442 2051 Hippoi.
484 1978 663 2042 1417.,
694 1977 822 2044 ipse
858 1992 923 2029 co
988 1992 1188 2045 parans
1221 1992 1390 2044 supra
1424 1978 1502 2038 ΙΙ,
1538 1977 1656 2028 670.
1694 1977 1830 2028 Hor.
1868 1977 1978 2030 Sat.
2008 1979 2084 2044 11,
2122 1981 2188 2045 8,
2224 1979 2311 2032 34.
2346 1980 2528 2035 mori..

198 2066 376 2102 emur
407 2043 628 2102 {nullia
677 2046 858 2112 ejusd.
947 2061 999 2112 p.
1032 2045 1140 2109 Vl,
1183 2046 1264 2095 16.
1312 2041 1536 2096 inultus
1568 2053 1636 2095 ut
1656 2042 1816 2110 flebo
1840 2048 2040 2114 puer?
2107 2049 2252 2099 Aen.
2281 2052 2369 2114 X,
2406 2053 2529 2106 739.

201 2117 383 2170 Ovid.
415 2118 544 2167 Am.
572 2117 628 2179 1,
665 2120 728 2178 7,
764 2117 851 2166 63.
897 2111 1112 2165 minuet
1158 2110 1416 2164 vindicta
1466 2109 1724 2165 dolorem
1770 2121 1824 2165 et
1862 2112 2073 2167 similes
2109 2116 2281 2167 locos.
2323 2142 2392 2154 —
2449 2134 2529 2172 οε

199 2195 408 2251 toro,
436 2182 526 2236 cui
556 2179 876 2246 incubabat,
912 2196 1043 2249 prae
1074 2178 1247 2231 animi
1288 2180 1482 2232 dolore
1505 2178 1902 2248 impressa.
1944 2180 2164 2247 Thiel.,
2197 2198 2531 2252 comparans

202 2249 470 2307 Suetonii
499 2247 672 2302 verba
705 2250 777 2301 de
811 2246 1061 2301 Caesaris
1094 2255 1273 2300 morte
1307 2261 1356 2298 c.
1382 2250 1469 2300 82.
1512 2245 1732 2301 Caesar
1755 2258 1933 2318 caput
1957 2246 2235 2318 obvolvit,
2273 2252 2531 2323 reginam

201 2322 373 2375 vultu
410 2317 569 2391 quasi
606 2315 873 2369 obvoluto
910 2333 942 2366 e
979 2314 1091 2367 vita
1134 2315 1422 2367 discedere
1458 2314 1707 2370 voluisse
1733 2317 2063 2385 suspicatur.
2091 2347 2160 2357 —
2229 2321 2348 2372 660.
2384 2318 2533 2375 Sed

200 2386 642 2444 moriamur.
673 2385 835 2450 Jdem
868 2382 1055 2435 Thiel.
1088 2381 1304 2436 confert
1327 2384 1490 2450 Prop.
1518 2385 1580 2448 11,
1612 2385 1664 2448 8,
1695 2390 1776 2437 17.
1847 2382 1948 2440 Se'c
1978 2382 2161 2453 igitur
2180 2385 2377 2455 prima
2402 2405 2524 2443 mo·
2599 2403 2606 2415 ⁴*

197 2456 369 2517 riere
402 2463 630 2520 aetate,
670 2450 996 2522 Properti?
1031 2447 1151 2506 Sed
1183 2466 1428 2505 morere.
1468 2481 1536 2493 -
1569 2449 1714 2520 sic,
1753 2451 1867 2508 sic
1900 2451 2133 2507 iuvat.
2195 2454 2321 2508 Vid.
2361 2473 2532 2524 supra

201 2529 275 2591 11,
305 2523 428 2578 644.
460 2551 530 2563 —-
560 2521 678 2577 ire
716 2519 849 2574 sub
884 2516 1222 2588 umbras,
1259 2519 1315 2571 in
1354 2519 1482 2573 Orci
1520 2517 1798 2575 tenebras.
1839 2521 1922 2574 Cf.
1954 2521 2095 2575 infra
2123 2525 2220 2586 XI,
2250 2527 2370 2576 831.
2402 2528 2507 2580 XII

201 2597 335 2648 952.
363 2599 492 2644 cett.
519 2620 588 2630 -
621 2591 742 2643 662.
774 2587 1209 2642 Dardanum
1236 2587 1271 2638 i.
1304 2605 1354 2640 e.
1381 2587 1727 2642 Dardanium
1759 2590 1899 2655 (vid.
1923 2590 1991 2643 ad
2025 2591 2110 2655 ΠΙ,
2136 2594 2253 2643 306.
2280 2593 2400 2644 602.
2427 2565 2529 2656 315

205 2660 313 2717 hic
355 2675 487 2712 cum
533 2666 816 2711 contemtu
853 2654 1038 2710 vocari
1074 2659 1362 2721 Aeneam,
1410 2657 1536 2709 WVr.
1572 2656 1832 2725 adnotat,
1884 2656 2179 2711 conserens
2217 2658 2360 2712 infra
2393 2664 2528 2727 XII,

208 2728 300 2783 14.
341 2757 411 2767 -
445 2727 829 2794 „nostrae
860 2724 1350 2792 secumferat
1395 2724 1649 2778 omina'
1686 2725 1988 2781 mortis:
2042 2733 2095 2781 et
2139 2743 2300 2779 meae
2336 2728 2533 2785 mortis

202 2795 434 2852 indicio
469 2810 533 2846 ac
568 2795 768 2846 nuntio
808 2792 1109 2845 infaustum
1147 2808 1317 2844 omen
1356 2793 1628 2862 navigans
1664 2792 1760 2847 ille
1794 2810 1983 2849 secum
2019 2791 2259 2847 auferat!
2330 2796 2413 2848 Sit
2448 2795 2535 2850 illi

205 2864 391 2921 ferale
425 2862 534 2914 hoc
566 2863 943 2929 spectaculum
981 2875 1081 2928 pro
1108 2858 1334 2937 sinistro
1368 2858 1586 2914 itineris
1622 2860 1873 2915 omine.“
1904 2861 1989 2918 H.
2023 2892 2093 2902 —
2160 2865 2280 2916 663.
2307 2872 2532 2937 atque

206 2948 348 2986 cum
396 2927 667 3000 singulari
713 2927 770 2980 vi
871 2927 1075 2981 ositum
1125 2944 1185 2979 ιιι
1231 2945 1292 2980 re
1339 2929 1673 2997 necopinata
1721 2939 1776 2983 et
1830 2931 2004 2993 mira,
2064 2939 2295 2996 repente
2353 2931 2534 2987 oculis

203 2998 482 3055 obiecta..
529 2995 659 3050 Vid.
707 2996 776 3048 ad
862 2998 933 3049 cl.
971 2996 1099 3062 Vll,
1134 3000 1186 3048 7.
1224 3024 1292 3035 —-
1350 2995 1599 3050 media
1644 2994 1845 3051 inter
1892 2996 2093 3051 talia
2144 2998 2265 3051 scil.
2314 2996 2528 3068 verba,

203 3066 367 3139 quod
404 3064 631 3119 additur
664 3067 801 3129 XII,
837 3065 991 3128 318„
1044 3062 1083 3116 i.
1121 3079 1170 3118 e.
1208 3062 1391 3116 statim
1440 3074 1564 3132 post
1609 3081 1736 3117 uam
1785 3065 1924 3119 haec
1975 3066 2149 3129 dixit,
2200 3064 2530 3138 priusquam

205 3137 379 3207 plura
415 3133 698 3186 adiiceret.
770 3131 902 3184 Vid.
957 3147 1123 3198 supra
1165 3146 1221 3183 v.
1251 3135 1370 3183 277.
1420 3140 1477 3184 et
1509 3083 1861 3188 38312201101
1894 3133 2072 3186 Cocld.
2109 3153 2178 3187 ex
2214 3132 2531 3201 Aproniani

204 3201 536 3260 coniectura
570 3198 855 3266 mediam,
898 3198 1052 3271 quod
1084 3197 1330 3251 Brunck.
1361 3199 1590 3267 recepit.
1616 3230 1685 3242 —-
1749 3202 1870 3254 664.
1911 3200 2246 3268 comitem,-
2292 3202 2532 3258 famulas

204 3269 570 3341 potissimum
609 3267 905 3337 intelligas.
973 3267 1129 3319 Bene
1164 3276 1348 3319 autem
1385 3268 1644 3322 Servius:
1695 3270 1870 3336 „Non
1920 3269 2142 3323 induxit
2183 3268 2535 3325 occidentem

205 3356 306 3403 se,
352 3338 451 3391 sed
488 3335 732 3390 ostendit
760 3334 1037 3399 occisam3
1077 3343 1131 3387 et
1160 3333 1269 3387 hoc
1306 3335 1514 3401 tragico
1548 3335 1679 3390 fecit
1705 3340 1996 3406 exemplo,
2033 3337 2181 3406 apud
2211 3354 2354 3410 quos
2390 3337 2535 3403 (tra—

205 3403 404 3478 gicos)
440 3422 557 3458 non
592 3403 843 3468 videtur,
882 3402 1361 3474 quemadmodum
1393 3403 1457 3456 fit
1491 3405 1723 3472 caedes,
1765 3407 1863 3459 sed
1904 3405 2086 3457 suun-a
2123 3405 2437 3460 narratur.“
2465 3433 2537 3446 -

248 3490 574 3543 parsas,
612 3487 957 3538 conspersas.
993 3469 1129 3522 Vid.
1167 3487 1333 3537 supra
1368 3487 1424 3523 v.
1447 3476 1541 3524 -21,
1577 3501 1646 3511 —
1712 3475 1834 3527 666.
1871 3471 2536 3541 bacchatur-fama

205 3492 358 3660 zer
389 3538 674 3606 urbem,
716 3538 973 3592 celeriter
1005 3535 1265 3592 discu'rrit
1303 3548 1358 3591 et
1388 3538 1649 3594 homines
1679 3540 2170 3594 vehementissime
2196 3549 2534 3594 commovet.

274 3608 357 3662 id.
396 3624 563 3676 supra
598 3608 669 3660 ad
706 3623 760 3658 v.
796 3611 916 3677 301.
954 3636 1024 3646 -
1090 3607 1209 3659 668.
1245 3604 1540 3672 „Tecta
1561 3610 1913 3677 fremunt
1963 3607 2130 3663 Iam.
2185 3616 2344 3672 cett„
2391 3606 2451 3659 h.
2479 3625 2534 3660 e.

204 3684 484 3733 resonant
528 3674 803 3728 lamentis.
886 3673 971 3725 Cf.
1009 3671 1132 3725 Cul.
1169 3675 1280 3726 151.
1336 3673 1592 3743 Argutis
1633 3685 1691 3730 ei
1738 3686 1948 3731 cuncta
1991 3676 2539 3746 fremunt-ardore
2586 3718 2591 3725 .

207 3743 477 3811 cicadis,-
511 3743 685 3814 idque
720 3760 821 3811 pro
854 3741 1108 3811 vulgari:
1150 3740 1406 3795 homines
1444 3743 1500 3795 in
1539 3743 1696 3798 tectis
1732 3745 1975 3797 fremunt
2007 3744 2284 3798 lamentis.
2353 3745 2433 3796 Ita
2468 3745 2535 3811 11,

205 3814 338 3867 487.
365 3808 756 3882 plangoribus
790 3811 964 3864 aedes
999 3807 1253 3863 ululant.
1323 3810 1597 3865 Fremere
1631 3811 1691 3865 in
1728 3814 1881 3865 luctu
1918 3821 2232 3881 usurpatur.
2267 3814 2412 3863 Aen.
2439 3811 2516 3863 VI

217 3881 340 3935 175.
378 3908 448 3921 —-
556 3876 1015 3947 lango-ribus
1056 3877 1277 3947 proprie
1311 3879 1383 3931 de
1419 3880 1778 3947 percussione
1813 3880 2052 3949 pectoris
2091 3880 2322 3949 accipio.
2340 3878 2375 3906 “
2417 3849 2536 3938 W

215 3974 291 3988 —-
324 3950 451 4001 Wr.
486 3897 628 4000 hpaec
665 3944 935 4012 adspicit:
977 3983 1012 4011 ,,
1034 3945 1148 3998 Erit
1182 3945 1441 4012 fortasse,
1488 3947 1604 4019 qui1
1627 3948 1891 4016 scriptum
1927 3948 2083 4000 malit
2115 3963 2396 4017 magma&
2437 3945 2540 4000 sed

209 4016 280 4071 id
321 4033 440 4069 rem
471 4015 542 4071 in
576 4012 815 4067 nimium
854 4014 1154 4082 augeret.“
1205 4012 1494 4068 Cs..etiam
1532 4018 1698 4069 Lucr.
1733 4018 1816 4081 V,
1841 4019 1961 4072 971.
1991 4013 2284 4086 plangore
2304 4029 2537 4093 magno.

219 4112 294 4128 υ·-
329 4085 536 4151 „Haec
569 4080 909 4161 comparatio
946 4081 1189 4148 primum
1231 4098 1319 4157 ap.
1358 4085 1527 4138 Hom.
1567 4085 1630 4136 Il.
1658 4088 1852 4152 XXII,
1888 4085 2008 4137 410.
2045 4101 2131 4155 sq.
2170 4092 2437 4148 occurrit,
2475 4088 2542 4134 ut
2568 4102 2586 4114 ‘

161 4152 173 4171 '
216 4151 335 4207 iam
388 4148 677 4204 Macrobno
741 4156 988 4201 notatum
1041 4150 1151 4202 Sat.
1189 4151 1298 4215 IV,
1346 4152 1400 4203 6.
1467 4151 1660 4220 Eurip.
1715 4153 1926 4206 Phoen.
1968 4150 2118 4206 1046.
2169 4168 2295 4224 sqq.
2345 4147 2543 4202 laudat

219 4218 466 4275 Gerda.“
497 4217 587 4272 H.
624 4246 692 4258 —-
726 4214 886 4270 Non
922 4215 1165 4271 aliter
1197 4235 1411 4291 quam
1434 4218 1519 4274 si.
1561 4218 1645 4273 Cf.
1679 4221 1863 4274 Hand.
1896 4224 2061 4274 Turs.
2086 4222 2128 4272 1.
2166 4236 2222 4288 p.
2251 4221 2403 4284 270„
2440 4213 2542 4287 qui

220 4287 434 4356 profert
459 4286 585 4339 Liv.
602 4286 802 4350 XXIII,
816 4286 867 4350 4,
882 4280 936 4333 4.
963 4287 1218 4350 xxt,63‚
1248 4287 1300 4338 9.
1330 4288 1561 4339 Sueton.
1589 4287 1736 4341 A-utr.
1766 4290 1852 4342 40.
1881 4289 2102 4357 Quinct.
2136 4290 2539 4341 Inst.Prooem.

181 4391 196 4403 .
225 4355 279 4410 5.
309 4356 562 4428 aliosque
584 4356 757 4406 locos.
784 4381 858 4432 '‘.
885 4353 1005 4407 670.
1044 4352 1287 4423 Tyros.
1317 4354 1411 4408 Sic
1441 4355 1637 4425 ‘optimi
1665 4331 1844 4410 fiodd.
1877 4358 2007 4409 Vid.
2037 4357 2103 4408 ad
2125 4356 2354 4418 Echvl,
2379 4355 2543 4405 ilia-

230 4423 375 4490 „Ad
410 4441 466 4478 v.
494 4424 649 4488 671„
692 4437 808 4493 quo
843 4419 1107 4474 incendio
1151 4422 1362 4476 civium
1410 4424 1583 4478 aedes
1629 4424 1879 4493 privatae
1914 4442 1977 4478 ac
2013 4422 2202 4494 public
2306 4421 2546 4474 deorum

226 4500 518 4560 correptae
546 4497 890 4553 narn-amr,
937 4489 1127 4547 Burm.
1180 4489 1397 4544 confert
1448 4493 1574 4545 Val.
1623 4494 1707 4546 1³1.
1736 4496 1811 4550 11.
1856 4498 1966 4549 178.
2007 4509 2091 4566 sq.
2261 4490 2317 4544 h.
2354 4490 2394 4541 l.
2441 4503 2549 4540 ex-

1724 4610 1931 4631 1¹⁵-··--n·
