2870 4981
432 296 564 366 354
1099 244 1119 298 ³
1159 293 1231 362 P.
1264 290 1609 373 *waeran
1651 288 2024 357 amonis

434 487 864 562 Constiterant,
905 482 1061 548 silva
1099 480 1219 549 atta
1258 480 1417 546 Iovis
1464 481 1703 546 lucusve
1740 479 1997 545 Dianae.

431 571 802 653 Praecipites
845 578 1030 631 metus
1070 588 1207 631 acer
1247 567 1376 648 agit
1418 587 1774 649 quocumque
1816 562 2079 629 rudentis

434 661 769 733 Excutere3
815 665 893 733 et,
917 654 1103 718 ventis
1150 653 1443 714 intendere
1486 652 1620 716 vela
1663 651 1958 723 secundis.

350 798 367 807 ,
436 745 659 808 Contra
701 741 867 803 iussa
912 748 1146 801 monent
1189 737 1434 814 Heleni,
1481 736 1743 817 Scyllam
1786 747 1958 816 atque
2005 732 2378 817 Charybdim·

432 830 597 891 Inter
638 837 936 905 utramque
982 824 1132 887 viam
1176 824 1274 885 leti
1319 822 1653 884 discrimine
1699 842 1916 903 parvo,
2641 820 2750 889 685

433 914 518 977 Ni
559 921 792 975 teneant
834 930 1076 973 curense
1118 919 1340 972 certum
1384 918 1476 970 est
1518 910 1660 973 dare
1699 906 1883 971 lintea
1921 913 2102 970 retro.

388 1163 556 1226 ‘'non
589 1160 910 1228 absimiles;
948 1157 1159 1215 baccas
1191 1160 1433 1281 apgellat
1461 1156 1607 1213 Plin.
1637 1157 1802 1225 xw,
1829 1158 1929 1223 33,
1962 1157 2085 1234 60„
2121 1152 2302 1218 κώνους
2335 1154 2510 1211 etiam
2550 1159 2743 1217 Graeci.

430 1238 571 1292 vid.
607 1233 812 1288 Athen.
840 1233 883 1282 1.
934 1246 991 1297 p.
1021 1231 1106 1282 57.
1143 1230 1207 1280 Β.
1297 1228 1367 1279 .“
1405 1228 1494 1283 H.
1567 1228 1701 1281 vid.
1756 1226 1926 1279 etiam
1960 1226 2179 1277 Muller.
2216 1227 2255 1278 l.
2291 1226 2472 1279 modo
2507 1229 2548 1279 l.
2595 1245 2651 1298 p.
2673 1235 2741 1284 m.

433 1307 609 1374 (narn
645 1301 848 1355 Catuli.
880 1296 1090 1364 LXIV,
1132 1298 1246 1350 ¹06.
1295 1296 1370 1350 de
1409 1294 1543 1350 coni
1578 1312 1685 1350 era
1714 1293 1868 1366 pinu
1911 1290 2229 1365 loquitur.)
2304 1292 2535 1349 Cortum
2579 1308 2740 1351 autem

431 1368 836 1442 cupressinum
880 1362 1020 1488 (gui
1066 1364 1291 1433 proprie
1331 1361 1517 1434 galba
1545 1381 1614 1417 us
1659 1360 1932 1426 vocatur)
1985 1359 2149 1413 etiam
2203 1360 2430 1414 Colum.
2460 1365 2572 1428 Vl,
2611 1371 2669 1432 7,
2696 1373 2738 1419 2.

429 1445 854 1495 commemorat.
970 1441 1179 1486 eterum
1218 1433 1291 1484 H.
1343 1449 1476 1485 vere
1509 1432 1767 1500 adnotat,
1815 1428 2085 1484 silvam
2117 1428 2323 1484 Iovis
2357 1430 2431 1482 ad
2484 1449 2737 1503 quercus,

431 1508 682 1564 lucum
707 1502 1014 1561 Dianae
1045 1499 1115 1552 ad
1154 1516 1446 1568 cupressos
1484 1499 1842 1551 referendum
1870 1515 2021 1563 esse,
2060 1495 2132 1549 ita
2172 1507 2231 1550 ut
2258 1499 2330 1550 de
2361 1497 2548 1552 Diana
2587 1501 2740 1555 infera

434 1595 483 1633 s.
520 1579 726 1628 Hecate
765 1571 902 1635 (vel
936 1567 1310 1637 Proserpina)
1346 1576 1566 1636 agatur,
1619 1584 1792 1648 quum
1833 1582 2133 1634 cupressus
2173 1564 2360 1619 feralis
2395 1565 2572 1621 arbor
2604 1569 2671 1622 sit
2698 1582 2742 1625 et

434 1663 509 1698 ex
555 1638 772 1710 vulgari
821 1637 1135 1691 narratione
1176 1635 1286 1687 Diti
1330 1651 1504 1690 sacra.
1573 1638 1811 1688 Dianam
1857 1643 2074 1698 antem,
2111 1642 2301 1704 utpote
2337 1636 2537 1687 Lunae
2575 1637 2734 1697 deam.

349 1772 353 1777 ,
437 1730 534 1767 sae
577 1727 606 1763 e
645 1724 774 1761 cum
819 1708 1060 1770 Hecate,
1109 1719 1256 1776 quae
1293 1703 1409 1783 ipsa
1457 1702 1701 1772 primum
1733 1703 1802 1754 ad
1843 1702 2054 1754 cultum
2104 1703 2357 1755 lunarem
2411 1698 2730 1771 pertinebat,

428 1797 542 1834 con
567 1778 728 1830 'usam
765 1791 918 1841 esse,
967 1789 1056 1826 res
1110 1780 1192 1824 est
1224 1780 1353 1824 satis
1391 1778 1539 1822 nota.
1610 1770 1694 1823 Cf.
1728 1768 1981 1838 Klopl'eri
2025 1766 2164 1822 Leni.
2200 1771 2439 1839 mythol.
2468 1773 2509 1822 Ι.
2551 1790 2609 1841 p.
2636 1776 2730 1829 618.

436 1857 493 1901 et
527 1849 645 1900 787.
674 1861 800 1915 sqq.
833 1850 886 1894 et
913 1857 1055 1914 qnos
1090 1838 1186 1891 ille
1222 1840 1426 1891 laudat.
1452 1866 1522 1877 —
1556 1839 1675 1895 682.
1704 1855 1789 1910 sq.
1816 1839 1970 1903 „Nos
1998 1847 2148 1890 metu
2174 1838 2360 1909 agitati
2392 1857 2729 1913 quocumque
2805 1834 2806 1845 ¹

434 1917 719 1971 malumus
754 1926 980 1963 cursum
1015 1906 1284 1977 dirigere,
1321 1923 1492 1978 quam
1530 1906 1588 1958 in
1622 1915 1784 1975 portu
1824 1921 2069 1957 manere.
2105 1935 2174 1944 -
2219 1908 2597 1961 rudentes
2629 1927 2726 1964 ea*-

439 1993 733 2045 cutere‚
786 1980 1080 2040 evolvere,
1117 1973 1399 2043 explicare
1426 1984 1483 2027 et
1517 1973 1839 2039 intendere,
1874 1980 2128 2041 utsupra
2154 1991 2207 2026 v.
2242 1977 2361 2027 267.
2391 2003 2461 2014 -—
2499 1977 2726 2032 ventis
2803 2020 2804 2043 ¹

436 2045 837 2114 secundis,
897 2044 999 2097 int.
1051 2060 1166 2114 quo
1214 2051 1413 2096 ventus
1469 2041 1664 2107 se'rret3
1713 2059 1829 2097 non
1876 2050 2196 2108 exspectare
2249 2051 2518 2110 ventum,
2583 2039 2723 2118 quem
2803 2072 2804 2077 =

438 2134 635 2172 cursus
689 2111 1022 2183 postulabat.
1041 2111 1079 2138 ‘⁸
1125 2108 1213 2163 H.
1295 2112 1380 2161 De
1430 2111 1826 2164 v.684-686.
1879 2108 2154 2176 permulta
2214 2111 2495 2178 disputata
2543 2123 2663 2167 sunt
2695 2133 2722 2168 a

437 2185 596 2238 Viris
643 2182 852 2245 doctis,
900 2198 971 2232 ex
1018 2196 1132 2251 quo
1168 2179 1239 2229 H.
1279 2178 1408 2242 (cui
1458 2177 1769 2231 adsentitur
1800 2175 2058 2242 Tmen),
2108 2195 2204 2231 eos
2239 2178 2463 2247 spurios
2500 2197 2624 2234 esse
2651 2181 2721 2235 iu-

439 2253 663 2318 dicans,
700 2248 1087 2303 brevissimam
1123 2262 1258 2299 sane
1295 2244 1421 2298 iniit
1453 2246 1603 2298 viam
1628 2244 2011 2310 difficultates,
2046 2263 2185 2317 quas
2214 2244 2535 2312 continent,
2575 2265 2724 2319 expe-
2803 2246 2804 2289 ἰ

443 2319 658 2376 diendi.
730 2319 913 2387 Quos,
953 2313 1023 2367 ab
1060 2312 1325 2367 omnibus
1353 2312 1533 2368 codd.
1571 2314 1695 2368 sine
1718 2315 1835 2365 ulla
1871 2311 1988 2364 sere
2018 2313 2276 2367 lectionis
2311 2313 2578 2368 varietate
2609 2334 2724 2387 snp-
2803 2350 2804 2363 ,

441 2388 749 2469 peditatus,
815 2393 1107 2456 postquam
1153 2381 1382 2433 Wakel'.
1433 2383 1505 2434 ad
1550 2382 1716 2434 Lucr.
1766 2381 1849 2446 V,
1898 2384 2018 2434 712.
2099 2381 2407 2435 Weichert.
2458 2383 2529 2436 de
2574 2401 2723 2441 vei-ss.

443 2457 615 2512 iniur.
653 2469 844 2523 suspp.
899 2469 952 2519 p.
983 2452 1068 2504 84.
1118 2459 1173 2502 et
1222 2449 1281 2502 in
1323 2448 1635 2504 Comment.
1668 2452 1709 2502 1.
1760 2447 1832 2502 de
1865 2463 2033 2502 versu
2067 2446 2427 2519 hypermetro
2477 2468 2533 2520 p.
2563 2458 2640 2509 17.
2664 2464 2722 2509 A.

442 2524 703 2580 Moebius
746 2524 802 2574 in
828 2517 1054 2574 Archiv
1086 2519 1201 2584 fiir
1226 2516 1388 2573 Phil.
1427 2537 1492 2572 u.
1524 2518 1795 2587 Paedag.
1837 2516 1965 2570 Vol.
1991 2518 2034 2569 1.
2074 2535 2129 2588 p.
2165 2522 2280 2575 139.
2316 2528 2373 2572 et
2404 2520 2582 2589 Iahn.‚
2617 2540 2721 2577 cuin

445 2612 561 2665 quo
602 2592 730 2643 facit
765 2587 977 2640 Censor
1014 2587 1134 2639 eius
1175 2586 1230 2637 iu
1262 2586 1501 2654 Ephem.
1538 2585 1621 2639 lit.
1656 2588 1772 2638 len.
1807 2602 1857 2638 a.
1898 2586 2047 2638 1827.
2083 2585 2172 2638 ch.
2200 2588 2287 2643 94.
2328 2605 2383 2658 p.
2412 2591 2566 2655 367„
2615 2591 2719 2646 Vir-

442 2661 580 2731 gilio
614 2656 903 2711 vindicare
939 2655 1306 2720 studuerunt,
1354 2672 1537 2721 nuper
1587 2671 1702 2707 non
1752 2654 1938 2706 solum
1984 2652 2172 2707 denuo
2217 2654 2597 2727 impugnavit,
2640 2661 2717 2715 sed

442 2730 587 2780 adeo
622 2742 654 2776 e
686 2722 959 2778 contextis
994 2721 1386 2775 exterminavit
1419 2724 1577 2789 Ἆγι,
1660 2719 1864 2773 rimum
1899 2721 2050 2792 qnod
2083 2720 2332 2790 ineptum
2371 2733 2542 2790 esset,
2582 2744 2715 2795 prae-

443 2803 605 2864 cepta
659 2791 891 2855 Heleni,
945 2789 1056 2842 iam
1105 2806 1270 2857 supra
1319 2806 1373 2842 v.
1403 2792 1608 2843 558..o
1653 2798 1870 2842 servata
1916 2805 1951 2841 a
1984 2789 2277 2856 Troianis,
2328 2791 2423 2844 hic
2471 2804 2714 2864 repetere,
2803 2815 2804 2826 ¹

445 2874 567 2917 tum
618 2861 771 2933 qnod
822 2857 997 2912 verba
1043 2854 1144 2911 lea·
1177 2855 1510 2910 discrimine
1530 2874 1760 2927 parvo,
1810 2855 2022 2929 quippe
2057 2874 2127 2910 ex
2164 2861 2309 2910 Aen.
2332 2862 2420 2925 X,
2459 2863 2574 2914 511.
2614 2866 2714 2918 coll.

444 2936 559 2989 lx.
600 2934 714 2982 143.
750 2927 1009 2991 conficta,
1049 2925 1560 2997 quomodocunque
1599 2935 1651 2977 te
1686 2923 1940 2990 torseris,
1992 2922 2337 2979 tolerabilem
2375 2945 2599 2981 sensum
2628 2949 2716 2985 noa
2789 2981 2796 2990 ,

445 2999 776 3062 studerent,
828 2993 1077 3065 denique
1120 2993 1273 3066 quod
1319 2990 1501 3054 lintea
1548 2994 1700 3046 dare
1745 2987 1880 3052 ἅπαξ
1923 2993 2185 3058 λεγόμενον
2231 3003 2377 3048 esset
2423 2998 2572 3065 apud
2612 3000 2716 3052 Vir-

445 3067 665 3138 gilium.
735 3067 947 3118 Horum
988 3070 1440 3132 argumentorum
1477 3060 1721 3130 primum
1759 3068 1815 3113 et
1849 3060 2069 3114 tertium
2107 3078 2221 3113 non
2255 3064 2497 3115 multum
2535 3067 2715 3131 valere,

448 3135 692 3209 quisque
729 3133 915 3197 videt,
969 3130 1204 3182 alterum
1258 3145 1394 3182 vero
1442 3136 1498 3180 et
1529 3128 1715 3196 ipsum
1751 3146 1869 3182 non
1906 3127 2211 3180 admodum
2250 3129 2481 3183 difficile
2515 3132 2716 3188 dixerim

449 3204 520 3255 ad
574 3200 965 3255 refellendum.
1034 3195 1282 3248 Primum
1328 3195 1653 3260 videamus,
1706 3196 1993 3268 quomodo
2029 3197 2385 3250 Grammatici
2433 3209 2490 3252 et
2537 3201 2716 3269 priores

445 3269 688 3322 editores
714 3269 901 3320 locum
935 3264 1200 3334 expedire
1227 3264 1409 3317 conati
1437 3263 1567 3317 sint.
1634 3263 1861 3317 Servius
1888 3266 2073 3316 locum
2104 3263 2185 3316 sic
2215 3266 2488 3333 explicat:
2516 3270 2721 3334 „Timor

444 3334 707 3405 cogebat,
759 3343 822 3385 ut
865 3349 1090 3405 quocun
1137 3350 1206 3384 ue
1250 3332 1641 3401 navigaremus
1693 3340 1749 3383 et
1791 3340 2021 3385 ventum
2055 3348 2452 3413 sequeremur.
2511 3354 2619 3389 non
2651 3338 2718 3390 in-

444 3402 688 3457 dicium:
740 3402 838 3455 sed
888 3416 1113 3452 occurre
1161 3407 1215 3451 at
1256 3408 1611 3468 praeceptum
1646 3398 1884 3465 Heleni,
1931 3398 2106 3452 vitare
2142 3396 2386 3455 iubentis
2418 3404 2651 3471 Scyllam
2680 3412 2720 3460 et

446 3468 811 3540 Charybdim.
882 3469 1065 3536 Quare
1102 3466 1338 3534 placuit,
1379 3484 1451 3520 ne
1488 3464 1586 3533 [ita
1623 3466 1773 3519 enim
1810 3466 2163 3526 Grammatici
2200 3477 2393 3532 contra
2425 3489 2591 3525 usum
2615 3472 2720 3527 vir-

442 3541 717 3613 gilianum
749 3534 815 3590 ni
847 3534 1152 3607 explicant]
1185 3551 1379 3587 cursus
1413 3543 1669 3601 teneant,
1705 3534 1763 3586 h.
1803 3551 1854 3586 e.
1890 3544 2124 3604 agantur
2154 3545 2209 3589 et
2243 3533 2587 3605 impleantur
2609 3539 2724 3596 inter
2785 3563 2802 3599 ‚²

444 3618 625 3662 utram
673 3624 743 3658 ue
789 3605 939 3658 viam
993 3600 1217 3656 modico
1266 3601 1462 3655 mortis
1497 3601 1826 3667 interstitio,
1881 3602 1938 3656 h.
1974 3620 2023 3655 e.
2061 3604 2282 3672 Scyllae
2313 3614 2368 3657 et
2401 3605 2718 3677 Charybdis,
2801 3645 2802 3664 η

443 3687 593 3731 retro
681 3692 773 3727 are
842 3670 1085 3725 lintea.“
1171 3671 1244 3721 H.
1297 3669 1751 3739 interpolatorem
1798 3670 1938 3723 haec
1996 3670 2181 3725 dicere
2232 3671 2485 3728 voluisse
2531 3685 2719 3731 censet:

445 3745 651 3799 Contra
685 3742 887 3804 Heleni
944 3737 1093 3793 iussa
1141 3746 1405 3803 monent,
1455 3755 1529 3789 ne
1579 3754 1753 3792 naves
1801 3747 2025 3792 teneant
2066 3755 2292 3793 cursum
2328 3740 2474 3796 inter
2508 3744 2720 3813 Scyllum

386 3853 389 3854 a
442 3823 612 3886 atque
664 3806 1041 3876 Charybdim,
1089 3802 1298 3880 quibus
1345 3821 1446 3874 per
1495 3804 1900 3874 appositionem
1947 3805 2230 3860 addantur
2275 3807 2409 3862 illa:
2453 3820 2722 3884 utramque
2801 3819 2802 3832 ¹

443 3882 595 3934 viam
630 3877 731 3938 leti
765 3874 1089 3931 discrimine
1129 3890 1332 3939 parvo,
1370 3871 1409 3925 i.
1449 3890 1498 3925 e.
1575 3890 1634 3925 er
1667 3881 1961 3946 utramque
1995 3876 2186 3940 enim,
2227 3886 2280 3928 et
2316 3894 2418 3944 per
2440 3879 2531 3932 Sc.
2566 3889 2617 3933 et
2639 3897 2720 3948 per

445 3948 580 4016 Ch„
636 3955 751 4001 erat
799 3945 904 3998 iter
934 3941 1347 4012 periculosum3
1399 3890 1569 4014 quoti>
1599 3940 1769 3993 etiam
1807 3941 2015 4011 Vulpio
2066 3943 2135 3996 ad
2174 3942 2389 3998 Tibnll.
2415 3948 2524 4014 IV,
2562 3955 2620 4014 1,
2643 3950 2717 4004 70.

442 4017 720 4085 placuisse
769 4015 1035 4066 admonet
1067 4009 1253 4073 Iahn.‚
1307 4008 1406 4082 qni
1455 4026 1551 4063 vv.
1595 4017 1903 4084 utramque
1937 4038 1964 4051 ·
2001 4039 2028 4051 -
2068 4028 2284 4080 parvo.¹
2315 4011 2378 4065 in
2427 4012 2719 4084 parenthesi

440 4085 708 4153 posuerit.
782 4079 1007 4138 Wakes.
1056 4077 1138 4132 sic
1190 4076 1481 4145 distinguit
1526 4086 1580 4129 et
1628 4095 1695 4128 ex
1741 4077 1866 4130 licat
1903 4076 2008 4131 hos
2041 4096 2273 4140 versus:
2327 4080 2548 4137 Contra
2580 4081 2720 4138 iuss·

439 4162 667 4205 monent
702 4147 949 4215 Heleni,
994 4143 1252 4218 Scyllam
1283 4155 1459 4217 atque
1496 4142 1691 4216 Glmry
1729 4144 1882 4212 dim,
1938 4145 2475 4223 Intereat-amque,
2525 4150 2710 4220 viam,

439 4215 544 4272 len·
575 4217 907 4276 discrimine
931 4231 1127 4285 parvo
1200 4211 1298 4267 Ni
1330 4222 1635 4266 teneant
1674 4211 1982 4283 cursris3
2016 4226 2235 4272 certum
2267 4226 2354 4271 est
2387 4227 2513 4271 cett.
2547 4217 2636 4284 ‚‚i.
2670 4234 2710 4282 e.

435 4303 511 4339 ne
545 4294 773 4340 teneant
807 4285 955 4338 viam
989 4299 1137 4335 cursi
1161 4299 1186 4335 s
1224 4281 1368 4333 inter
1392 4290 1718 4353 utramque,
1755 4282 1999 4348 Scyllam
2028 4282 2222 4355 utique
2252 4295 2307 4340 et
2333 4282 2611 4365 Charybdi
2685 4283 2714 4312 ‘⁶
2799 4323 2800 4354 ¹

434 4350 722 4436 Moebjus,
767 4359 1041 4418 commate
1081 4357 1205 4420 post
1252 4345 1353 4403 leti
1384 4348 1597 4417 posim,
1647 4364 1777 4408 cum
1813 4349 2177 4404 Schmiedero
2224 4352 2534 4425 coniungit
2559 4302 2711 4406 νοτία

433 4421 765 4478 discrvmme
783 4434 989 4498 parvo,
1015 4416 1080 4474 ni
1112 4426 1340 4473 teneant
1369 4431 1639 4486 cursum,
1678 4425 1735 4471 et
1766 4416 1838 4472 ad
1875 4415 2182 4495 utramque
2214 4418 2367 4475 viam
2385 4419 2488 4476 leti
2510 4422 2710 4494 supplet
