2870 4981
379 302 477 369 ει)ψ
689 272 692 274 ’
1106 294 1176 361 1².
1220 292 1554 360 vmcim
1597 290 1966 359 nun-oms

385 490 523 553 Iura
571 490 819 564 dalmnt3
868 486 1030 559 «lirae
1069 484 1227 546 ferro
1275 495 1332 546 et
1373 482 1757 564 compagibus
1800 481 1944 543 artis

387 578 741 638 claudentur
787 570 936 633 Belli
982 580 1222 649 portatu
1265 570 1461 631 Furor
1503 569 1715 646 impius
1753 567 1943 643 intus,

372 664 581 731 ‚Saeva
623 660 830 720 sedens
875 678 1050 737 super
1092 676 1255 716 arma
1304 665 1361 715 et
1404 664 1631 739 centum
1678 653 1899 715 vinctus
1945 651 2107 713 aenis
2573 651 2704 718 295

382 748 526 811 Post
570 752 794 824 tergum
841 742 1038 817 nodis,
1082 741 1290 800 fremet
1332 739 1601 799 horridus
1646 760 1745 799 ore
1791 750 2046 801 cruento.

556 831 718 891 Haec
760 827 889 903 ait„
919 838 975 886 et
1016 825 1182 886 Maia
1223 824 1485 903 genitum
1527 823 1769 884 demittit
1813 825 1888 883 ab
1933 823 2086 900 alto,

384 919 464 980 Ut
508 926 724 991 terrae,
756 921 942 993 ,utque
980 931 1169 973 novae
1213 919 1449 991 pateant
1494 908 1875 989 Carthaginis
1915 928 2082 970 arces

384 1101 491 1156 ve*
515 1102 652 1151 Hor.
690 1098 802 1155 Sat.
828 1096 885 1160 1,
924 1097 1018 1160 10,
1054 1094 1142 1148 85.
1221 1090 1337 1160 Te,
1388 1088 1694 1159 Messala,
1750 1101 1853 1146 mo
1896 1093 2258 1161 cumfratre
2290 1100 2345 1144 et
2379 1087 2695 1162 similibus,

386 1185 518 1225 cum
562 1181 789 1234 prorsus
840 1161 993 1215 idem
1048 1178 1204 1227 esse,
1256 1161 1408 1232 quod
1451 1169 1541 1228 et,-
1591 1161 1764 1213 immo
1804 1160 1854 1213 ei
1891 1159 2139 1226 nomini,
2169 1161 2278 1212 ‘cui
2328 1164 2566 1214 alterum
2600 1182 2701 1232 per

386 1253 517 1292 cum
550 1230 928 1301 adiungitur,
964 1232 1297 1301 plerumque
1339 1228 1551 1297 priores
1593 1237 1775 1297 partes
1809 1229 2152 1281 deseruntur.
2226 1227 2483 1281 Ceterum
2524 1231 2699 1300 probe

386 1298 981 1367 animadvertendum,
1034 1297 1128 1349 hic
1176 1296 1458 1369 quidem„
1489 1294 1588 1349 ubi
1635 1298 1791 1350 salva
1823 1295 2049 1357 Romuli
2095 1296 2270 1367 gloria
2307 1295 2434 1369 ,fieri
2478 1309 2698 1416 posset,

387 1369 546 1425 Remi
583 1383 812 1447 quoque
846 1363 1193 1423 mentionem
1232 1364 1428 1418 secisse
1463 1366 1718 1432 poetam,
1768 1381 1936 1433 supra
1973 1378 2108 1417 vero
2143 1381 2200 1417 v.
2227 1367 2345 1416 276.
2367 1404 2382 1430 ,
2437 1384 2472 1416 ιι
2523 1365 2537 1417 i
2587 1368 2698 1422 nisi

385 1440 611 1494 Romuli
645 1436 853 1489 scelere
889 1440 1325 1486 commemorato
1374 1430 1494 1484 fieri
1529 1449 1645 1485 non
1683 1433 1985 1500 potuisset,
2023 1448 2250 1501 prorsus
2284 1448 2413 1484 eum
2454 1432 2699 1489 siluisse.

386 1533 457 1548 ..-
493 1497 865 1573 293.fev'·ro
912 1510 978 1553 et
1027 1497 1554 1569 compagibus,
1614 1495 1663 1551 ἓν
1714 1501 1791 1552 διὰ
1837 1500 1983 1552 διοῒν.
2072 1500 2204 1552 Vid.
2255 1502 2325 1552 ad
2373 1502 2489 1553 Ecl.
2525 1504 2605 1568 11,
2641 1507 2698 1558 8.

389 1576 540 1637 VIII,
575 1575 660 1626 95.
710 1571 810 1621 Ge.
840 1571 890 1634 l,
927 1572 1044 1621 335.
1078 1593 1148 1608 -·-
1210 1605 1259 1633 „
1280 1565 1522 1635 (ortis,
1578 1585 1694 1620 non
1743 1566 1925 1621 arctis
1969 1565 2330 1625 scribendum
2380 1586 2536 1635 esse,
2588 1571 2726 1635 iam,

387 1649 603 1697 constat
651 1637 796 1689 inter
840 1635 1109 1689 eruditos.
1152 1636 1312 1687 'Vid.
1366 1634 1652 1687 Brouckh.
1699 1636 1768 1687 nd
1821 1633 2033 1687 Tibull.
2071 1637 2125 1701 1,
2173 1639 2235 1702 5,
2286 1636 2427 1688 53.“
2478 1637 2696 1695 Barm.

388 1710 554 1764 Adde
590 1703 881 1759 Drakenb.
931 1704 1000 1756 ad
1042 1702 1145 1756 Sil.
1172 1704 1304 1768 VII,
1349 1705 1467 1755 280.
1504 1705 1727 1755 Nolten.
1761 1706 1899 1756 Lex.
1947 1700 2123 1756 antib.
2163 1720 2216 1772 p.
2245 1707 2330 1758 25.
2374 1705 2701 1762 Grotesend.

390 1781 484 1830 Gr.
534 1779 655 1827 Lat.
707 1776 773 1825 11.
842 1790 897 1841 p.
936 1773 1051 1824 199.
1105 1770 1184 1837 (§.
1223 1769 1378 1833 182.)
1428 1770 1756 1823 Schneider.
1807 1773 1901 1824 Gr.
1962 1774 2080 1823 Lat.
2131 1775 2184 1838 Ι,
2231 1778 2286 1843 2.
2349 1789 2407 1842 p.
2454 1772 2577 1828 449.
2631 1804 2702 1815 —-

459 1840 792 1907 Bellum,
862 1824 887 1892 ὲ
938 1839 1164 1903 Πόλεμος
1258 1837 1317 1889 h.
1368 1839 1408 1890 l.
1469 1837 1564 1890 dei
1611 1855 1903 1906 personam
1970 1838 2240 1893 sustinet:
2307 1850 2370 1894 ut
2415 1856 2504 1909 ap.
2553 1842 2701 1896 Plin.

388 1884 653 1975 {XX-V,
696 1912 795 1975 36,
846 1898 929 1961 16.
1013 1871 1227 1961 Belia·
1264 1915 1581 1983 pentae,-
1643 1906 1867 1974 respicit
1913 1907 2027 1959 Iani
2076 1909 2378 1976 templum,
2430 1907 2504 1960 cs.
2554 1912 2701 1965 Aen.

376 1984 521 2045 ΝΠ,
558 1982 677 2031 607.
715 1995 840 2049 sqq.
890 1974 1078 2047 quod,
1129 1989 1265 2042 pace
1299 1981 1578 2038 restituta,
1630 1975 1879 2028 clausum
1918 1974 2076 2046 quasi
2114 1992 2215 2044 pro
2249 1993 2471 2028 carcere
2506 1985 2562 2029 et
2596 1995 2702 2031 cii-

389 2047 575 2105 stodia
609 2045 786 2111 Belli,
884 2041 993 2096 uod
1032 2040 1280 2095 Furor
1326 2041 1602 2108 declarat,
1649 2059 1772 2095 esse
1809 2042 2051 2095 videtur.
2127 2045 2214 2110 [„
2234 2042 2395 2098 Belli
2418 2046 2601 2113 fores
2651 2058 2704 2103 et

377 2125 622 2190 portam
657 2112 821 2164 etiam
904 2113 975 2162 al.
1003 2110 1084 2163 Fl.
1116 2111 1201 2175 111,
1240 2111 1325 2162 60.
1362 2117 1417 2161 et
1451 2111 1570 2162 353.
1615 2110 1818 2163 dixit.“
1856 2111 2069 2164 Burm.
2141 2112 2456 2164 Praeiverat
2481 2115 2704 2171 Maroni

390 2183 610 2240 Ennius
647 2198 735 2249 ap.
778 2182 915 2232 Hor.
953 2179 1131 2231 Serm.
1165 2180 1217 2244 Ι,
1253 2176 1319 2243 4,
1357 2179 1444 2229 60.
1477 2187 1790 2248 postquam
1824 2177 2149 2232 Discordia
2185 2189 2339 2232 tetra
2373 2178 2539 2233 Belli
2557 2185 2701 2252 fer-

388 2262 555 2308 ratos
584 2258 783 2319 postes
802 2255 1125 2317 portasque
1156 2242 1424 2315 refregit.
1501 2242 1585 2296 Cf.
1621 2245 1828 2313 Ileynii
1863 2248 2092 2299 Excurs.
2121 2250 2220 2299 IX.
2256 2247 2325 2298 ad
2364 2248 2419 2298 h.
2448 2248 2513 2312 l.]
2589 2253 2702 2302 Re-

388 2321 548 2392 liqua
594 2335 708 2371 vss.
740 2320 857 2372 294.
893 2317 1012 2369 295.
1046 2314 1164 2369 296.
1200 2314 1484 2395 praeclara
1536 2314 1604 2365 ad
1645 2323 1908 2366 terrorem
1944 2314 2323 2367 animorum.“
2359 2314 2447 2368 H.
2522 2319 2704 2381 „Vira-

390 2388 591 2461 gilius,
628 2394 690 2438 ut
721 2401 839 2436 rem
875 2379 1137 2447 variaret,
1178 2382 1444 2434 Furor-em
1465 2397 1594 2434 cum
1621 2384 1778 2433 Bello
1808 2380 1924 2434 Iani
1954 2385 2160 2450 templo
2188 2383 2429 2437 inclusit.
2499 2384 2704 2441 Furor·

391 2456 548 2511 enim
602 2453 748 2507 inter
781 2449 971 2505 Martis
1024 2448 1256 2503 comites
1308 2449 1456 2516 apud
1507 2451 1640 2504 Stat.
1689 2449 1874 2522 Theb.
1908 2453 2007 2518 111,
2043 2450 2161 2503 424.
2230 2451 2399 2520 Apud
2451 2453 2704 2510 eundem

391 2526 527 2590 Vll,
577 2527 662 2576 52.
711 2519 773 2573 in
804 2518 955 2589 regia
988 2517 1178 2570 Martis
1224 2515 1442 2569 habitat
1474 2518 1746 2571 Furor.“s
1772 2518 1886 2577 W.
1939 2549 2007 2560 —
2049 2519 2421 2588 „Impius
2467 2519 2700 2578 intus.

393 2590 694 2646 Offindere
738 2595 927 2657 posset
971 2586 1080 2638 hoc
1114 2590 1499 2651 ὁμοιοτελειτον,
1555 2586 1656 2640 sed
1703 2584 1776 2638 ita
1823 2595 1877 2638 et
1912 2588 2118 2641 domus
2165 2586 2323 2640 intus
2357 2592 2433 2655 ΙΙ,
2475 2589 2599 2642 483.
2652 2601 2706 2646 et

390 2679 421 2716 s
474 2658 639 2712 wius
686 2654 844 2707 intus
893 2654 1000 2718 Vl,
1046 2655 1165 2705 726.
1223 2651 1365 2721 (ins.
1416 2670 1474 2706 v.
1508 2656 1626 2707 325.
1675 2650 1851 2718 filius
1908 2654 2141 2718 orsas.)
2220 2654 2444 2724 Impius
2499 2655 2707 2714 dicitur

441 2728 596 2780 'uror
630 2720 704 2777 ob
743 2720 892 2773 bella
925 2719 1145 2786 civilia,
1191 2736 1337 2793 quae
1372 2721 1597 2790 proprie
1628 2720 1819 2790 impia.
1889 2725 2063 2776 Furor
2095 2740 2229 2776 vero
2264 2733 2325 2775 ut
2361 2742 2577 2778 numen
2611 2727 2706 2781 hic

393 2788 898 2854 considerandum,
959 2796 1020 2840 ut
1071 2798 1195 2857 post
1243 2789 1382 2842 alios
1428 2789 1645 2842 notavit
1689 2788 1856 2843 etiam
1907 2794 2224 2842 Heumann.
2273 2792 2480 2846 Poecil.
2531 2797 2603 2845 T.
2635 2798 2701 2847 11.

391 2866 435 2917 1.
463 2862 560 2914 IV.
597 2876 646 2913 c.
677 2863 728 2912 3.
801 2855 931 2910 vid.
982 2854 1084 2908 inf.
1131 2856 1203 2908 ad
1240 2874 1295 2910 v.
1320 2858 1442 2911 348.
1461 2856 1496 2883 “
1529 2856 1745 2911 Bam.
1820 2856 1906 2911 Cf.
1945 2858 2112 2911 etiam
2146 2861 2367 2912 Petron.
2404 2877 2453 2913 c.
2488 2862 2608 2914 124.
2647 2871 2703 2916 et

392 2927 603 2998 Ileynii
649 2928 879 2979 Excurs.
928 2923 1100 2977 modo
1150 2925 1302 2977 laud.
1349 2954 1417 2967 -
1486 2928 1608 2979 295.
1641 2924 1853 2980 ae‘nt's
1884 2925 2146 2994 nodis,
2202 2927 2429 2982 catenis.
2499 2931 2705 2983 Putant

330 3059 333 3066 Ἰ
365 3008 610 3063 autem,
656 2993 956 3065 Virgilium
996 2991 1085 3044 hic
1120 3001 1400 3060 spectasse
1432 2992 1652 3062 Apellis
1703 2993 2011 3073 picturam,
2060 2992 2131 3046 ab
2166 2994 2418 3074 Augusto
2461 2995 2525 3049 in
2578 2998 2702 3052 soto

390 3068 631 3119 dicatam
648 3097 664 3129 ,
702 3062 762 3115 in
799 3077 912 3132 qua
937 3062 1155 3113 Bellum
1177 3100 1191 3127 ,
1231 3059 1409 3115 forma
1433 3060 1678 3114 humana
1705 3062 1964 3116 indutum
1983 3102 1999 3128 ,
2036 3061 2300 3115 restrictis
2326 3072 2453 3131 post
2480 3073 2702 3135 tergum

391 3131 690 3197 manibus,
743 3128 1050 3183 Alexandri
1100 3128 1494 3198 triumphantis
1548 3130 1732 3182 currui
1783 3129 2031 3183 iunctum
2072 3129 2541 3199 conspiciebatur.
2616 3131 2703 3185 Cf.

392 3201 538 3256 Ptin.
585 3201 657 3250 H.
694 3201 760 3250 N.
797 3198 1056 3262 XXXV,
1107 3201 1207 3264 36,
1263 3199 1346 3251 16.
1417 3195 1676 3249 Ceterum
1727 3197 2014 3250 imitantur
2058 3197 2116 3249 h.
2256 3199 2450 3251 Manil.
2486 3204 2541 3266 Ι,
2576 3201 2700 3255 921.

282 3289 289 3310 »
395 3269 514 3324 r‘am
554 3264 705 3319 bella
738 3264 1035 3337 quiescant
1052 3302 1074 3332 ,
1128 3275 1302 3346 atque
1336 3264 1696 3319 adamanteis
1729 3264 2057 3319 Discordia
2089 3283 2123 3316 v
2242 3283 2281 3318 a
2313 3266 2533 3320 catenis
2569 3267 2701 3321 Ae-

391 3348 591 3391 ternos
637 3331 842 3386 habeat
876 3334 1094 3400 frenos
1139 3350 1203 3386 m
1248 3349 1485 3387 carcere
1534 3330 1759 3386 clausa.
1822 3333 1989 3385 Ovid.
2021 3336 2064 3385 F
2068 3341 2165 3385 ast.
2193 3336 2244 3399 Ι,
2281 3338 2399 3386 702.
2439 3332 2703 3404 religata
2767 3361 2777 3376 ν

390 3401 613 3460 catenis
645 3398 999 3469 Iampridem
1050 3410 1247 3453 nostro
1293 3399 1401 3453 sub
1438 3402 1595 3468 pede
1627 3398 1806 3453 Bella
1854 3399 2077 3469 iacent,
2129 3409 2185 3452 et
2228 3400 2494 3470 Calpurn.
2523 3405 2576 3469 l,
2613 3405 2703 3456 46.
2772 3459 2778 3467 ,

390 3470 559 3527 dabit
590 3467 775 3537 impia
805 3466 1206 3587 vinciasaeost
1240 3478 1469 3537 tergum
1500 3465 1753 3522 Bellona
1785 3484 2009 3522 manus·
2047 3494 2117 3505 -
2184 3472 2283 3523 297
2299 3470 2498 3522 -304.
2534 3463 2708 3536 „Ob-

392 3556 584 3603 serva,
624 3553 794 3607 quam
832 3549 1022 3588 succm
1153 3536 1213 3587 in
1247 3535 1652 3607 sqq.'narratio
1689 3535 1780 3590 sit.
1851 3538 2004 3588 Bene
2043 3545 2227 3589 autem
2259 3536 2491 3594 deorum
2524 3533 2711 3590 mini-

393 3606 624 3662 sterium
679 3601 1050 3672 interponitur
1109 3602 1176 3655 in'
1218 3602 1465 3671 hospitio
1515 3602 1776 3656 Troianis
1825 3606 2104 3671 parando,
2165 3623 2237 3657 ne
2287 3623 2374 3657 res
2426 3604 2709 3660 miraculo

389 3683 594 3729 careat.
614 3672 650 3699 ‘⁶
686 3671 774 3726 H.
816 3696 883 3708 -
921 3668 1133 3723 Maia
1158 3671 1525 3740 genitum,
1565 3670 1938 3738 Mercurium,
1972 3689 2142 3744 quem
2181 3672 2274 3725 ina
2308 3673 2553 3728 Atlantis
2590 3673 2708 3727 filia

393 3760 467 3795 ex
515 3745 646 3795 Iove
694 3736 914 3808 peperit
963 3735 1026 3790 in
1074 3736 1339 3805 Cyllene,
1387 3738 1662 3790 Arcadiae
1710 3748 1919 3792 monte.
2003 3739 2271 3807 (Hesiod.
2323 3740 2544 3811 Theog.
2582 3746 2707 3796 938.

391 3812 555 3863 Paus.
585 3810 732 3874 vm,
771 3803 895 3873 17.)
929 3829 999 3845 u·-
1030 3805 1452 3873 „demittit,
1492 3816 1569 3858 ut
1596 3815 1919 3874 pateant
1953 3837 2019 3849 -
2052 3820 2138 3860 ne
2171 3818 2517 3876 arceret,
2557 3825 2708 3863 con—

394 3876 606 3956 secutio
642 3886 956 3955 temporum
1004 3874 1231 3953 pariata.
1300 3877 1440 3953 Nam
1479 3890 1769 3968 praesens
1809 3872 2146 3929 historicum
2195 3883 2248 3953 et
2278 3877 2599 3956 praeseptis
2653 3884 2711 3931 et

393 3944 1000 4065 iissigffceffnfff'e‘fflffi?
1006 3950 1722 4077 ¹¹15÷250.‘333¹5'3‚¹5.2t320¹3{1;‚
1774 3941 2615 4081 .1fssss;.ng÷5‚².5⁹¹⁵[³‹'2'}3⁶.52231¹15·
2632 3943 2709 4066 2¹31

396 4076 514 4129 cic.
551 4079 710 4131 Rosc.
738 4079 873 4130 Am.
903 4080 967 4143 9,
1006 4074 1088 4130 25.
1131 4072 1388 4131 Moebius
1422 4077 1494 4129 ad
1530 4074 1686 4129 Caes.
1723 4075 1788 4130 B.
1825 4078 1890 4129 G.
1920 4079 1971 4145 1,
2007 4086 2058 4130 3.
2096 4079 2269 4132 Kritz.
2308 4078 2376 4130 ad
2416 4080 2551 4132 San.
2585 4080 2706 4134 Cat.

395 4144 497 4209 34,
536 4149 584 4195 1.
623 4155 678 4197 et
709 4146 809 4211 41,
848 4148 900 4197 5.
954 4144 1198 4198 Beueck.
1247 4142 1317 4197 ad
1367 4139 1560 4197 lustin.
1597 4146 1671 4209 11,
1711 4149 1803 4211 11,
1846 4150 1926 4198 11.
1977 4145 2227 4199 Kiihner.
2263 4147 2332 4198 ad
2371 4144 2491 4200 Cic.
2529 4152 2708 4203 Tusc.

397 4211 482 4277 V,
519 4215 616 4277 33,
641 4214 726 4265 96.
766 4212 984 4264 Daehn.
1021 4214 1089 4264 ad
1128 4214 1266 4279 Nep.
1300 4211 1443 4263 Mitt.
1472 4213 1537 4277 4,
1570 4211 1623 4264 4.
1667 4212 1762 4264 Vir
1798 4212 1943 4267 doct.
1987 4214 2047 4267 in
2083 4214 2348 4267 Seebodii
2387 4214 2540 4268 Bibl.
2576 4216 2704 4268 crit.

397 4295 449 4332 a.
501 4281 650 4331 1821.
703 4283 744 4330 Ι.
794 4296 849 4347 p.
907 4283 1020 4332 166.
1065 4280 1329 4342 Ruddim.
1358 4281 1422 4329 Π.
1478 4295 1533 4347 p.
1568 4280 1688 4333 381.
1735 4278 2174 4352 ibique‘fStallb.
2222 4285 2450 4350 Zumpt.
2502 4284 2546 4349 ᾖ.
2582 4288 2707 4338 501.

395 4344 621 4399 Ramsh.
662 4345 702 4412 §.
733 4350 847 4400 182.
897 4355 1013 4399 not.
1036 4354 1086 4400 2.
1126 4346 1378 4398 Billroth.
1414 4345 1456 4413 ᾗ.
1484 4348 1601 4399 236.
1637 4344 1788 4412 alii.]
1856 4348 2146 4403 Subtiliter
2180 4350 2253 4403 de
2285 4350 2428 4412 h.fl.
2457 4351 2713 4422 disputat

342 4435 355 4438 -
394 4412 551 4468 Iahn.
588 4413 661 4469 ad
690 4414 782 4482 VI,
807 4416 956 4469 754.:
993 4424 1169 4485 ,mm
1193 4423 1445 4486 pateant
1469 4414 1890 4487 quodammodo
1925 4417 2045 4489 ipsa
2069 4418 2218 4475 Iovis
2242 4416 2454 4487 verba,
2490 4418 2710 4492 quibus

567 4715 573 4742 Ι
