2870 4981
891 312 1329 394 ‘AENffluos
1381 316 1538 377 Lm.
1572 319 1649 383 u.
2333 333 2460 414 163

168 489 454 578 Gontorsit.
539 481 713 562 Stetit
754 499 859 560 illa
901 507 1187 579 tremens,
1233 512 1513 582 uteroque
1557 526 1793 569 recusso

164 587 451 651 Insonuere
491 604 667 645 cavae
711 584 1102 665 gemitumque
1146 589 1354 648 dedere
1398 608 1703 653 cavernae.

162 676 261 750 Et,
306 670 353 733 si
393 669 514 730 fata
558 672 759 746 deum,
806 670 860 731 si
902 690 1067 733 meus
1113 693 1231 734 nou
1279 673 1448 735 laeva
1488 673 1733 758 suisset,

2178 834 2191 855 Ι

112 918 128 938 ·
160 907 308 965 ovid.
354 914 543 959 tamen
590 906 726 959 Met.
754 905 868 971 VI,
913 910 1002 960 77.
1054 902 1199 973 (ubi
1242 903 1363 962 vid.
1414 907 1628 975 Bach.)
1685 929 1788 985 pro
1837 918 1994 985 vulg.
2041 923 2199 980 mai
2311 951 2343 988 ρ
2376 954 2460 993 ex

158 975 372 1032 vulnere
413 972 559 1027 saxi
588 970 927 1028 Exsiluisse
958 974 1172 1044 fer-um
1216 992 1373 1031 nunc
1421 979 1630 1054 rectius
1684 979 1871 1036 editur
1900 987 2156 1055 fletum.
2196 945 2454 1059 Ἥεῐοτ.

158 1043 326 1101 autein
380 1044 431 1107 1,
486 1043 605 1095 550.
655 1041 824 1094 etiam
875 1042 947 1095 de
994 1039 1181 1098 bobus
1228 1042 1469 1098 dicitur:
1518 1055 1812 1105 ,traxerat
1867 1070 2102 1122 aversos
2131 1063 2333 1131 feros.
2385 1104 2456 1115 ..-

155 1117 229 1168 52.
285 1107 594 1166 Gontorsit.
673 1110 1029 1164 Rottend.11.
1075 1108 1358 1182 Intersit,
1415 1123 1478 1167 ut
1525 1131 1582 1167 v.
1608 1121 1730 1170 231.
1782 1128 1837 1172 et
1881 1124 1994 1187 XI,
2035 1127 2155 1181 637.
2239 1134 2456 1196 Eadem

152 1179 369 1233 varietas
406 1176 845 1247 deprehenditur
878 1195 967 1247 ap.
1007 1179 1176 1233 Ovid.
1214 1181 1348 1233 Met.
1375 1183 1429 1236 V
1449 1221 1466 1250 ,
1502 1184 1588 1239 90.
1609 1224 1624 1251 ,
1662 1183 1765 1240 ubi
1797 1189 1991 1242 Heius.
2028 1209 2131 1261 pro
2165 1195 2458 1278 intorquet

154 1244 391 1304 iaculum
424 1244 487 1297 in
519 1262 635 1299 uno
683 1247 930 1299 alterove
970 1245 1111 1300 Cod.
1148 1247 1419 1316 scriptum
1458 1250 1676 1304 invenit
1712 1265 2068 1330 contorquet.
2104 1294 2176 1305 —
2236 1279 2455 1340 utero
2492 1289 2503 1296 ’

150 1329 448 1370 recusso
498 1312 536 1365 i.
574 1329 625 1365 e.
676 1330 1027 1383 repercusso.
1095 1314 1455 1371 Recu'tiendi
1495 1318 1838 1375 vocabulum
1890 1328 2197 1385 admodum
2232 1351 2358 1394 raro
2392 1341 2455 1397 in

152 1393 382 1438 veterum
441 1379 659 1448 scriptis
714 1381 1034 1446 invenitur3
1086 1382 1359 1452 Virgilius
1414 1395 1600 1440 autem
1648 1387 1840 1444 verbis
1899 1408 2030 1447 cum
2078 1414 2333 1471 praepos.
2388 1428 2456 1466 re

152 1447 456 1517 compositis
498 1446 742 1501 libenter
776 1458 833 1502 et
865 1466 997 1502 cum
1035 1466 1225 1503 amore
1243 1453 1511 1528 ‚quodam
1548 1454 1754 1534 utitur,
1790 1467 1846 1510 et
1878 1458 1972 1514 hic
2007 1465 2239 1535 quidem
2276 1492 2453 1546 quum

148 1517 409 1572 cumulata
442 1516 602 1568 litera
638 1515 839 1569 canina
878 1526 1000 1569 tum
1035 1534 1286 1571 numeris
1323 1519 1613 1589 dactylicis
1664 1532 2098 1585 trementem
2136 1551 2344 1607 equum
2382 1564 2451 1601 eo

148 1583 376 1638 vividius
406 1583 641 1655 pingere
667 1583 919 1638 voluisse
947 1583 1190 1638 videtur.
1236 1584 1455 1654 Quibus
1484 1588 1625 1645 locis
1647 1601 1930 1660 praeterea
1952 1614 2226 1657 recussus
2251 1609 2457 1681 legitur

150 1653 287 1715 (Val.
319 1653 406 1705 Fl.
440 1653 511 1716 .V,
548 1653 668 1706 167.
695 1650 961 1721 Appulei.
993 1653 1124 1707 Met.
1153 1654 1245 1706 IV.
1273 1671 1328 1722 p.
1357 1658 1443 1709 87.
1474 1666 1528 1709 et
1561 1653 1629 1709 V.
1660 1676 1716 1728 p.
1745 1662 1861 1713 114.
1888 1663 2010 1732 Bip.
2039 1667 2235 1724 Sidon.
2260 1676 2450 1746 Apoll.

144 1725 211 1787 11,
234 1718 415 1785 422),
453 1716 534 1772 ibi
573 1718 757 1787 prima
790 1718 978 1789 signis.
1008 1722 1160 1773 valet
1192 1721 1502 1794 quatiendo
1537 1736 1685 1779 retro
1720 1730 1916 1795 pulsus
1941 1736 2034 1785 vel
2068 1736 2356 1807 depulsus.
2384 1778 2453 1792 ...-

148 1791 218 1843 53.
248 1803 298 1854 „·
321 1803 698 1840 cavernae
732 1799 835 1855 pro
859 1804 1129 1854 caverna,
1165 1787 1223 1841 h.
1247 1805 1303 1860 9.
1342 1806 1525 1862 equus
1552 1809 1755 1860 cavus,
1793 1800 1957 1851 κοῖλον
1992 1802 2130 1873 δόρυ,
2172 1807 2447 1886 Od.·V111‚

146 1855 286 1911 507.“
311 1852 406 1908 H.
483 1853 635 1913 Wr.
665 1852 805 1908 haec
832 1853 1087 1907 adnotat:
1114 1873 1347 1924 „cavae
1372 1874 1658 1918 cavernae
1681 1861 1780 1915 vix
1806 1863 2133 1937 serendum,
2175 1874 2286 1931 nisi
2313 1880 2452 1938 iun-

143 1922 270 1980 xeris
297 1937 486 1976 cavae
506 1920 833 1989 insonuere,
860 1921 898 1974 i.
918 1938 967 1973 e.
1002 1938 1247 1977 cavum
1273 1943 1360 1996 qu
1379 1924 1395 1977 i
1415 1926 1450 1978 d
1480 1944 1749 1995 sonum-03
1779 1930 1858 1985 sic
1883 1932 2026 1989 infra
2059 1938 2121 2003 V,
2149 1938 2270 2006 866.
2302 1946 2452 2007 Tum

144 2006 313 2047 rauca
366 1987 612 2042 assiduo
660 1986 829 2059 longe
872 1988 1000 2043 sale
1041 2006 1202 2046 stt-ra
1238 1991 1546 2049 sonabant.
1620 1997 1719 2049 Ge.
1746 2000 1856 2066 IV,
1905 2006 2026 2055 370.
2063 2003 2451 2090 Seu-osusque

143 2073 337 2113 sonans
388 2053 690 2127 Hypanis.
772 2057 916 2109 Aen.
970 2058 1102 2123 VII,
1167 2058 1283 2137 ¹4¹:
1338 2059 1463 2115 Hic
1509 2072 1692 2181 {ater
1735 2066 2092 2137 armipotens
2148 2085 2242 2131 ter
2290 2085 2449 2143 coelo

142 2123 321 2181 clarus
379 2122 461 2177 ab
511 2120 631 2176 alto
663 2120 944 2180 Intonuit.
1018 2124 1153 2178 Vid.
1204 2136 1375 2189 etiam
1410 2130 1482 2181 V.
1559 2133 1582 2183 ’.
1630 2131 1700 2183 ad
1732 2135 1844 2201 IV,
1885 2137 2005 2190 443.
2045 2141 2125 2209 V,
2161 2145 2248 2197 24.
2288 2160 2343 2202 et
2377 2156 2449 2209 ad

142 2195 269 2258 Vm,
320 2193 445 2252 559.
507 2199 903 2262 praetereaque
951 2194 1139 2261 Heyn.
1188 2196 1328 2256 Not.
1376 2195 1450 2248 acl
1517 2200 1592 2263 ΙΙ,
1640 2199 1761 2252 487.
1845 2203 2100 2260 Imitatur
2144 2211 2473 2309 Virgilium„

141 2264 381 2321 Lucanus
418 2260 491 2310 ΠΙ
505 2296 522 2324 ,
560 2258 681 2311 418.
748 2256 939 2327 Saepe
990 2265 1169 2316 cavas
1201 2272 1361 2317 motu
1393 2272 1592 2319 terrae
1626 2265 1854 2335 mugire
1885 2287 2189 2342 cavernas.
2213 2278 2238 2308 ‘
2334 2288 2471 2344 Sed*

141 2328 363 2399 primum
413 2325 511 2379 hic
563 2325 687 2394 ipse
721 2326 938 2382 Lucani
984 2328 1145 2382 locus
1192 2330 1556 2399 explicationi
1602 2330 1675 2386 ab
1710 2336 1836 2388 Wr.
1873 2342 2192 2409 propositae
2225 2350 2450 2416 videtur

140 2392 435 2459 adversari,
487 2410 658 2465 quem
712 2393 810 2445 vix
862 2404 1000 2464 puto
1048 2404 1334 2451 auctorem
1385 2397 1575 2469 ipsum
1626 2417 1730 2469 per
1774 2419 1980 2465 cavum
2066 2412 2176 2466 uid
2221 2434 2275 2470 m
2360 2422 2448 2481 ire

136 2465 609 2534 interpretaturum
657 2458 859 2526 suisse3
910 2462 1122 2517 deinde
1169 2464 1338 2519 etiam
1378 2468 1510 2523 loco
1557 2477 1753 2548 nostro
1798 2472 1873 2525 ita
1925 2469 2040 2528 inte
2064 2480 2207 2537 lecto
2252 2504 2285 2540 a
2329 2489 2445 2547 dita

138 2530 294 2588 verba
356 2529 748 2600 gemitumque
798 2531 1015 2590 dedere
1074 2530 1366 2588 abundare
1415 2535 1678 2589 dixerim.
1778 2542 1964 2609 Quare
2013 2546 2152 2601 mihi
2217 2569 2447 2619 cavae

138 2604 494 2655 c‘avernae
545 2605 748 2651 eodem
795 2598 1107 2652 archaismo
1154 2601 1374 2670 poetico
1420 2602 1633 2657 dictum
1665 2606 1917 2676 videtur,
1967 2629 2083 2686 quo
2133 2623 2283 2688 apud
2322 2628 2446 2686 Lu..-

138 2667 352 2721 cretium
382 2669 440 2733 I,
486 2667 608 2719 826.
656 2664 882 2722 sonitus
914 2683 1165 2735 sonans,
1221 2667 1361 2722 ibid.
1396 2674 1499 2739 111,
1539 2673 1661 2726 826.
1700 2673 1843 2741 (ubi
1879 2677 1998 2732 vid.
2045 2682 2239 2740 adnot.
2279 2689 2445 2763 mea)

136 2734 339 2790 auxius
388 2750 619 2804 angor,
675 2734 824 2799 apud
860 2736 1115 2787 Plautum
1151 2736 1273 2789 Mil.
1298 2738 1407 2805 IV,
1456 2745 1479 2792 1
1504 2779 1520 2807 ,
1559 2743 1642 2793 13.
1682 2741 1945 2812 pulchra
1965 2746 2354 2816 pulchritudo
2391 2775 2448 2819 et
2488 2816 2491 2817 ⁷

135 2802 339 2857 similia.
375 2832 447 2841 —
482 2801 874 2871 „gemitus
907 2819 1009 2869 pro
1048 2804 1233 2865 souitu
1268 2809 1593 2861 resultante.
1613 2807 1651 2836 “
1689 2810 1780 2867 H.
1849 2813 1945 2867 Sic
1977 2818 2087 2885 IX,
2124 2825 2243 2879 709.
2309 2829 2446 2893 Dat

134 2869 287 2925 tellus
324 2867 626 2941 gemitum.
714 2867 798 2921 Cf.
854 2871 1021 2924 etiam
1070 2874 1168 2939 HI,
1219 2874 1337 2952 55:⁷3.
1373 2904 1445 2917 -·
1510 2875 1597 2930 54.
1648 2880 1940 2958 sq.·„Et
1992 2882 2439 2957 impulerat.

134 2938 191 2991 Et
227 2954 362 2992 sane
417 2934 740 3006 impulisset
792 2936 1098 3004 Troianos,
1162 2938 1465 3009 eflemsset,
1528 2953 1592 2996 ut
1637 2961 1770 3017 equi
1821 2949 2005 3002 latera
2039 2954 2440 3033 refringerent,

131 3014 276 3073 puta,
305 3005 494 3060 securi
524 3004 763 3073 impacta
794 3015 896 3058 etc.
917 3045 933 3071 ,
966 3015 1021 3058 et
1047 3006 1306 3061 interiora
1335 3010 1632 3080 aperirent.
1702 3014 2036 3086 Enimvero,
2060 3020 2214 3077 Ecce
2237 3044 2446 3089 manus

130 3072 368 3127 iuvenem
405 3081 514 3124 etc.
549 3102 619 3112 --
674 3071 955 3141 sifata
1001 3075 1208 3128 deum
1240 3078 1801 3150 noufuissent,
1854 3082 1913 3141 h.
1950 3103 2007 3141 e.
2039 3087 2242 3146 sinon
2275 3095 2443 3155 fatale

130 3139 310 3194 fuisset
359 3135 546 3207 (Αἶσα
582 3141 684 3210 ’γὰρ
720 3131 778 3205 ἦν
812 3150 917 3193 etc.
968 3141 1076 3195 Od.
1115 3143 1265 3210 VIII,
1304 3145 1486 3212 511.).
1539 3144 1613 3200 εἰ
1641 3163 1836 3204 mens
1875 3151 2148 3223 [nostra]
2186 3158 2402 3221 laeva

130 3206 340 3262 stultitia
380 3198 796 3271 Troianorum,
834 3224 976 3263 non
1001 3207 1345 3288 fuisset,
1388 3223 1452 3266 ut
1490 3215 1608 3268 Ecl.
1632 3217 1691 3281 1,
1731 3218 1815 3271 16.
1890 3217 1990 3275 ubi
2029 3222 2146 3278 vid.
2185 3208 2437 3304 adnutu}

130 3276 361 3331 Fortasse
415 3286 611 3337 tamen
657 3275 861 3330 melius
909 3275 1194 3331 iunxerisz
1242 3296 1401 3335 mens
1437 3298 1556 3337 nen
1586 3281 1790 3352 laeva,
1818 3291 1842 3309 *¹
1887 3324 1901 3339 .
1939 3307 1989 3343 e.
2024 3309 2192 3363 sana3
2238 3309 2300 3354 ut
2333 3304 2439 3358 sit:

130 3342 169 3395 si
206 3343 378 3397 satum
412 3337 491 3397 'et
537 3359 700 3409 mens
757 3360 893 3399 sana
941 3341 1155 3398 suisset.
1258 3348 1416 3414 [Hoc
1464 3349 1614 3403 haud
1661 3349 1836 3409 dubie
1882 3358 2142 3428 rectius.]
2204 3364 2263 3420 si
2291 3371 2444 3440 fata

118 3408 358 3477 fuissent
384 3411 496 3471 inf.
524 3427 582 3464 v.
611 3409 891 3466 4335211.
960 3410 1087 3479 „Si
1105 3413 1256 3482 fata
1284 3416 1346 3469 d.
1379 3416 1640 3484 fuissent,
1676 3429 1740 3474 ut
1765 3419 2006 3478 insidiae
2029 3428 2440 3503 detegerentur.

127 3477 175 3529 Si
206 3477 893 3535 modosenuntiationum
926 3479 1393 3536 conditionalium
1422 3502 1613 3554 curas,
1647 3486 1898 3558 notabis,
1937 3495 2033 3547 elli
2075 3495 2165 3551 sin
2189 3501 2438 3576 aliquam

129 3542 340 3602 subesse
375 3547 566 3600 hanc:
633 3545 714 3600 Et
748 3544 1064 3615 impulerat
1100 3574 1164 3586 -
1202 3547 1494 3621 latebras,
1548 3563 1605 3608 et
1637 3555 1885 3612 latebrae
1922 3560 2013 3615 foe
2056 3574 2177 3619 atae
2214 3582 2436 3640 essent,

125 3609 172 3664 si
195 3615 339 3684 fata
384 3614 660 3686 fuissent
672 3632 696 3682 ,-
762 3616 990 3688 qualem
1052 3624 1181 3669 ante
1237 3617 1353 3672 nisi
1411 3620 1494 3674 sre
1541 3622 1927 3681 uentissimam
1981 3647 2106 3685 esse
2155 3639 2437 3696 sexcentis

125 3683 309 3746 poterit
343 3680 579 3753 probari
617 3681 912 3752 exemplis.
982 3680 1158 3736 Tacit.
1200 3685 1343 3739 Hist.
1375 3690 1474 3755 ΠΙ,
1550 3696 1597 3743 1.
1666 3690 1794 3748 Nec
1825 3695 2106 3766 deerant,
2238 3702 2262 3755 i
2280 3722 2433 3774 pro-

118 3745 383 3825 pellerent
414 3779 491 3794 --
522 3748 587 3802 ui
611 3778 706 3803 κ-
755 3748 1036 3804 omisisset
1081 3750 1530 3822 intempestivam
1573 3758 1940 3829 sapientiam.
2026 3766 2133 3834 Qui
2220 3768 2438 3829 intersit

125 3824 250 3871 mter
284 3814 645 3889 impulerat,
683 3815 739 3871 si
761 3815 1021 3889 fuisset,
1063 3828 1118 3870 et
1156 3817 1509 3892 impulisset,
1548 3825 1603 3879 si
1624 3826 1883 3898 fuisset,
1923 3836 2315 3902 grammaticae
2349 3852 2434 3897 est

126 3882 517 3943 demonstrare.
537 3883 574 3911 “
634 3884 750 3944 JV.
822 3882 1219 3955 „Impulerat
1265 3887 1449 3957 euim,
1500 3892 1547 3946 si
1598 3895 1836 3949 accurati
1885 3896 2201 3969 interpretis
2287 3912 2453 3966 artes'

126 3946 338 4019 implere
379 3949 619 4008 volebat
652 3955 724 4006 H.
747 3992 762 4018 ‚
785 3970 919 4006 *non
958 3955 1357 4024 explicandum
1395 3968 1521 4024 erat,
1546 3978 1645 4029 per
1674 3961 2032 4035 impulisset5
2075 3966 2194 4038 imp
2259 3986 2424 4047 erat,

126 4016 490 4088 sifuissent:
530 4028 599 4072 at
632 4039 773 4074 non
806 4019 1313 4094 fuerunt,‚ergo
1350 4043 1467 4091 non
1503 4029 1682 4097 potuit
1715 4029 2035 4101 impellere3
2071 4033 2425 4116 impulisset,

123 4083 476 4155 sifuissent.-
516 4087 563 4144 si
592 4088 855 4153 fuissent,
887 4099 961 4141 ut
988 4106 1148 4143 esse
1182 4101 1552 4161 poterant,
1594 4107 1805 4162 poterat
1831 4096 1981 4166 fieri,
2011 4112 2074 4155 ut
2099 4103 2429 4175 impelleret.

124 4152 229 4208 vid.
263 4157 388 4210 Not.
449 4154 530 4208 ad
562 4157 669 4222 IV,
710 4156 843 4211 19.“
883 4154 1034 4215 Wr.
1107 4159 1415 4213 Stallbaum
1465 4164 1534 4216 ad
1573 4164 1837 4219 Ruddim.
1867 4168 1932 4233 Π.
1982 4185 2038 4236 ρ.
2068 4172 2186 4226 378.
2223 4192 2308 4250 sq.
2360 4183 2432 4237 de

123 4217 209 4275 hac
232 4241 289 4277 re
317 4225 648 4289 disserens,
682 4220 889 4276 haecce
922 4222 1173 4294 scripsit:
1212 4266 1249 4293 ‚,
1268 4228 1608 4286 Indicativus
1647 4232 1860 4286 indicat
1883 4234 2252 4297 subiectivam
2274 4247 2429 4302 ven-i-

122 4296 303 4347 tatem.-
352 4307 517 4365 quae
567 4307 743 4363 quum
778 4308 896 4345 non
926 4291 1034 4343 alia
1072 4309 1193 4347 esse
1229 4296 1433 4363 possit,
1483 4315 1653 4370 quam
1690 4317 1838 4373 quae
1870 4305 1988 4364 sola
2024 4309 2227 4366 mentis
2267 4317 2429 4387 cogi-

121 4355 328 4413 tatione*
349 4359 716 4424 continetur,
766 4357 928 4413 facile
984 4359 1340 4432 intelligitur,
1393 4369 1734 4420 contrarium
1773 4367 1926 4433 eius,
1982 4376 2133 4445 quod
2172 4394 2427 4447 pronun—

119 4423 288 4494 tiatur,
341 4444 555 4497 revera
603 4425 818 4483 sactum
867 4443 987 4485 esse
1036 4426 1290 4487 indicari.
1374 4435 1567 4507 Itaque
1603 4433 1917 4508 impulerat
1959 4443 2188 4510 gravius
2221 4446 2431 4503 indicat

1875 4510 2013 4579 L).
