2870 4981
445 301 573 400 128
783 370 787 373 ⁴
903 279 909 287 ’
1175 316 1247 383 P.
1288 313 1621 383 vmalbu
1663 316 2091 414 moms

448 508 648 574 Gentis
691 508 1055 583 Dardaniae,
1099 525 1373 586 magnum
1417 526 1564 587 quae
1608 527 1817 587 sparsa
1859 527 1963 587 per
2007 509 2225 572 orbem.

443 596 519 656 Di
562 593 703 672 tibi,
751 593 802 654 si
846 596 959 673 qna
998 592 1127 672 pios
1171 588 1498 669 respectant
1541 592 1816 669 numina,
1857 591 1909 653 si
1955 592 2092 671 qnid

443 679 698 757 Usquam
735 678 957 738 iustitia
998 685 1186 737 estet
1225 697 1388 737 mens
1435 676 1561 737 sibi.
1594 677 1825 737 conseia
1868 677 2040 753 recti,

442 760 721 825 Praemia
762 763 940 841 digua
969 761 1185 825 ferant.
1277 763 1443 838 Quae
1488 772 1542 821 te
1582 770 1693 821 tam
1735 762 1887 822 laeta
1929 762 2179 822 tulerunt
2288 781 2294 784 ⁴
2570 761 2571 764 ’
2616 761 2721 829 605

446 848 694 910 Saecula
710 847 740 908 ’ἔ
783 847 898 925 ‚qui
942 846 1080 906 tanti
1127 846 1590 925 talemgenuere
1634 848 1948 923 parentes?
2327 875 2332 881 ·

446 934 510 993 Iu
551 934 700 992 freta
742 933 875 990 dum
918 930 1075 991 fluvii
1120 941 1380 1008 current,
1428 934 1563 990 dum
1604 931 1893 992 montibus
1939 933 2170 993 umbrae

441 1018 814 1084 Lustralmut
839 1036 1129 1095 convexa,
1178 1016 1343 1099 polus
1389 1018 1524 1076 dum
1565 1016 1760 1077 sidera
1793 1026 2019 1097 pascet,

444 1270 577 1322 pro:
617 1269 735 1304 non
761 1260 842 1303 est
868 1249 926 1302 iu
951 1257 1217 1318 potestate
1241 1260 1427 1303 nostra
1445 1291 1460 1318 ,
1490 1266 1606 1305 non
1629 1253 1909 1318 valemus,
1930 1249 2169 1320 impares
2200 1268 2413 1305 sumus.
2438 1282 2507 1294 --
2532 1253 2718 1326 quid·

493 1320 626 1374 uid
672 1317 946 1390 ubique
998 1327 1106 1370 est
1146 1314 1939 1386 Gentis‘Dccv·daniae,
1995 1330 2269 1390 quotquot
2317 1330 2446 1373 sunt
2480 1322 2723 1379 Dardani.
2809 1373 2813 1383 ,

423 1337 637 1456 fluitet.
689 1394 971 1453 comparat
1007 1387 1145 1436 Hor.
1185 1387 1295 1438 Sat.
1331 1389 1383 1451 1,
1420 1391 1483 1453 6,
1519 1396 1575 1439 1.
1651 1387 1955 1457 Lydorum
1999 1385 2284 1467 quidgm'd
2329 1387 2608 1442 Etruscos
2649 1390 2721 1443 in·

443 1454 581 1512 colit
603 1454 790 1521 fineS,
832 1450 1027 1524 ibique
1050 1453 1343 1505 Heindorf.
1373 1457 1583 1507 Lucan.
1610 1456 1727 1519 Vll,
1754 1455 1871 1506 363.
1900 1452 2186 1527 quidquid
2208 1454 2497 1509 homirnum
2523 1473 2720 1527 sumne,

369 1541 378 1550 ⁴
443 1524 658 1578 etLiV.
685 1522 899 1594 XXIII,
937 1527 998 1586 9,
1039 1524 1090 1572 .3.
1137 1519 1401 1591 iurantes
1435 1540 1553 1591 per
1597 1520 1883 1603 quidquid
1916 1522 2181 1575 Deorum
2230 1533 2333 1586 est.
2405 1524 2570 1576 Adde
2604 1527 2721 1579 Hor.

442 1590 624 1659 Epod.
657 1592 738 1655 V,
777 1594 826 1640 1.
896 1588 985 1642 At
1032 1605 1066 1642 ο
1101 1587 1368 1641 Deorum
1402 1589 1690 1662 quidquid
1737 1607 1798 1643 m
1837 1588 1993 1643 coelo
2026 1590 2196 1657 regit.
2237 1615 2314 1629 -·
2368 1590 2729 1663 quidquid

445 1657 725 1730 ubique
760 1658 925 1709 etiam
966 1659 1099 1709 Hor.
1139 1658 1247 1708 Sat.
1278 1659 1327 1721 1,
1366 1664 1427 1722 2,
1465 1660 1550 1710 60.
1593 1667 1645 1709 et
1680 1659 1888 1708 Lucan.
1920 1660 1992 1723 Π,
2033 1659 2148 1708 162.
2183 1656 2559 1727 coniungunt,
2600 1678 2720 1730 quos

434 1721 595 1780 'idem
631 1724 819 1776 'ruieL
870 1732 1295 1787 commemorat,
1342 1726 1618 1776 Kritzium
1664 1724 1833 1777 simul
1884 1724 2332 1792 reprehendens,
2383 1726 2481 1798 qui
2533 1726 2723 1798 ubique

439 1809 720 1864 nusquam
769 1792 921 1843 idem
970 1808 1092 1844 esse
1141 1806 1269 1843 cum
1318 1791 1640 1863 ubicunque
1684 1793 2047 1845 contenderit.
2116 1793 2225 1844 Sed
2279 1810 2395 1861 per.
2426 1812 2487 1847 se
2534 1793 2722 1865 ubique

441 1875 561 1915 nou
589 1860 737 1914 idem
775 1876 896 1913 esse
927 1875 1090 1927 posse
1126 1866 1292 1928 atque
1317 1858 1641 1931 ubicunque
1657 1897 1678 1926 ,
1719 1860 1810 1911 hic
1839 1863 2021 1911 aintem
2051 1859 2328 1912 adiectum
2363 1861 2532 1915 modo
2566 1864 2722 1935 quid-

441 1927 585 2001 qm‘d
618 1926 903 1986 notionem
934 1925 1051 1979 eius
1087 1930 1274 1995 paullo
1305 1926 1602 1985 immutare
1637 1936 1690 1979 et
1723 1926 1887 1979 latius
1924 1928 2251 1993 extendere,
2293 1930 2534 2001 quisque
2569 1930 2722 1983 videt.

439 2025 511 2037 -—-
545 1999 663 2047 603.
702 2003 1144 2063 respectare
1186 2003 1242 2045 et
1272 1993 1559 2061 respicere
1592 1994 1867 2063 imprimis
1907 1994 2110 2047 dicitur
2146 1996 2216 2046 de
2245 1998 2413 2066 gratia
2456 2006 2510 2049 et
2535 1996 2720 2065 favore,

484 2081 555 2115 uo
608 2062 686 2113 dii
738 2061 995 2115 homines
1045 2063 1477 2131 prosequuntur.
1548 2060 1630 2113 Cf.
1670 2065 1825 2114 Serv.
1858 2062 1929 2113 ad
1965 2062 2108 2114 Aen.
2143 2065 2191 2128 Ι,
2229 2068 2347 2115 230.
2391 2064 2626 2117 Taubm.
2662 2067 2722 2119 ad

438 2081 615 2183 glaut.
652 2132 794 2181 Ruel.
829 2130 914 2195 V,
951 2134 1013 2194 2,
1049 2133 1136 2183 29.
1173 2129 1355 2180 Bentl.
1393 2130 1461 2180 ad
1497 2131 1635 2182 Hor.
1682 2132 1782 2198 Ep.
1809 2132 1850 2195 Ι,
1893 2135 1948 2195 1,
1991 2132 2103 2183 105.
2141 2139 2196 2182 et
2232 2132 2466 2185 Ruhnk.
2507 2134 2572 2184 ad
2605 2136 2720 2187 Ter.

438 2197 619 2251 Andr.
652 2198 752 2264 IV,
794 2203 854 2262 1,
898 2200 981 2250 18.
1018 2213 1046 2249 a
1084 2195 1308 2248 Thielio
1350 2197 1504 2248 laud.
1541 2222 1608 2233 —
1641 2199 1842 2263 „Ante
1878 2199 2069 2251 oculos
2104 2197 2207 2249 suit
2239 2199 2451 2266 Ulyssis
2488 2202 2553 2252 ad
2586 2203 2724 2253 Nau·-

439 2266 647 2320 sicaam
700 2264 875 2317 oratio
928 2262 1281 2332 pulchrarum
1350 2264 1751 2317 sententiarum
1803 2267 2013 2335 plena,·
2061 2263 2157 2317 ubi
2207 2267 2413 2333 odyss,
2458 2270 2560 2333 VI,
2617 2272 2720 2322 180.

438 2334 537 2386 Σοὶ
579 2336 627 2384 δὲ
660 2332 761 2384 Sevi
798 2333 920 2384 τόσα
955 2334 1108 2397 δοῖεν,
1162 2328 1260 2384 δ’σα
1294 2333 1438 2402 <besai
1486 2336 1599 2397 σῇσι
1645 2337 1860 2401 μενοινᾷς
1895 2343 1997 2387 etc.
2032 2361 2100 2372 —-
2168 2334 2286 2387 604.
2327 2335 2383 2387 Si
2420 2352 2536 2388 non
2572 2336 2722 2389 inane

436 2417 649 2454 nomen
684 2409 766 2454 est
802 2399 1025 2453 iustitia.
1045 2398 1079 2425 ‘⁶'
1116 2399 1203 2453 H.
1277 2401 1384 2452 Vel
1418 2402 1634 2467 potius:
1670 2401 1728 2454 si
1765 2400 1969 2455 iustitia
2002 2401 2063 2454 in
2100 2404 2229 2455 ullo¹
2254 2402 2434 2470 pretio
2472 2412 2567 2456 est.
2616 2404 2723 2456 Ni·-

438 2470 574 2522 titur
623 2478 809 2521 autem
856 2468 995 2521 haec
1043 2468 1206 2520 lectio
1273 2464 1344 2520 ab
1394 2468 1627 2537 Heinsio
1689 2478 1975 2536 revocata,
2037 2487 2223 2542 quem,
2264 2469 2722 2527 ceteri'editores

477 2545 658 2589 taeter
685 2537 841 2587 Iahu.
882 2536 999 2588 iure
1037 2536 1211 2588 secuti
1248 2545 1405 2600 sunt,
1445 2535 1581 2588 Cod.
1616 2538 1760 2589 Gud.
1801 2547 1855 2590 et
1888 2538 2073 2590 Medic
2111 2555 2142 2589 a
2173 2556 2246 2590 m.
2276 2555 2360 2605 pr.
2399 2539 2720 2593 auctoritates

499 2606 628 2675 ulgo
663 2605 863 2672 legitur
893 2601 1188 2670 iustitiae,
1234 2612 1295 2655 ut
1345 2619 1542 2658 seusus
1593 2605 1664 2657 sit
1721 2615 1844 2657 aut:
1895 2605 1944 2658 si
1993 2622 2101 2677 qua
2153 2606 2358 2661 iustitia
2395 2625 2621 2679 usquam
2655 2607 2721 2660 in

441 2670 670 2723 terris
711 2670 1016 2738 reperitur,
1073 2689 1216 2740 quae
1261 2668 1532 2722 dubitatio
1568 2690 1636 2725 eo
1685 2672 1869 2725 minus
1904 2674 2013 2725 huc
2058 2675 2324 2744 quadrat,
2375 2693 2551 2745 quum
2581 2691 2719 2728 nuno

438 2739 624 2807 ipsum
662 2739 811 2790 Dido
863 2737 1125 2789 iustitiam
1177 2740 1230 2791 et
1279 2738 1617 2808 aequitatem
1666 2757 1726 2793 se
1771 2741 1954 2793 colere
1991 2742 2276 2806 ostendat,
2327 2752 2453 2793 aut:
2504 2742 2719 2812 si-quid

435 2804 680 2859 iustitiae
718 2814 800 2858 est
835 2822 915 2874 ap
934 2805 1033 2856 ud-
1061 2806 1094 2857 d
1116 2824 1270 2870 eos,
1314 2822 1457 2877 quae
1496 2807 1770 2859 sententia
1805 2811 2089 2879 quomodo
2116 2824 2244 2863 cum
2281 2808 2472 2864 verbis
2506 2820 2556 2863 et
2580 2824 2719 2863 mens

438 2871 820 2928 sibifconscia
864 2871 1009 2926 recti
1055 2873 1319 2943 coniungi
1368 2875 1620 2941 peterat?
1690 2876 1867 2944 Quam
1918 2876 2094 2930 facilis
2145 2886 2327 2929 autem
2375 2877 2539 2930 suerit
2569 2894 2717 2931 verae

435 2940 697 2994 lectionis
723 2942 783 2992 in
811 2943 1038 2993 alteram
1063 2942 1327 3007 mutatio,
1364 2951 1633 3009 sequente
1667 2941 1841 2995 verbo
1877 2943 2253 3010 substantiv0,
2291 2945 2532 3016 quisque
2563 2944 2719 3001 videt«

444 3007 595 3068 Wr.
638 3009 776 3061 haec
809 3010 1063 3062 adnotat:
1121 3010 1330 3076 „Iahm
1378 3006 1637 3062 iustitiae
1689 3010 1880 3078 reponi
1933 3009 2119 3075 iubet3
2176 3021 2231 3063 at
2266 3012 2584 3083 priusquam
2622 3013 2717 3066 hoc

387 3129 392 3134 ,
434 3075 735 3142 faciamus,
783 3078 1281 3129 demonstrandum
1332 3075 1464 3140 erit,
1519 3095 1685 3147 quam
1732 3087 1981 3131 recte-et
2023 3088 2274 3131 veterum
2320 3081 2594 3133 sentiendi
2635 3082 2719 3132 lo-

436 3144 765 3215 quendique
797 3145 996 3199 rau‘oui
1037 3146 1439 3198 convenienter
1487 3145 1824 3197 conscientia
1859 3145 2006 3198 bene
2044 3146 2310 3199 sactorum
2347 3148 2601 3216 praemiis
2628 3165 2718 3200 or-

438 3226 575 3263 nare
623 3210 828 3277 probos
874 3212 1132 3279 homines
1185 3213 1429 3276 dicatur,
1482 3211 1654 3283 idque
1691 3230 1802 3265 uua
1839 3231 1966 3266 cum
2002 3214 2192 3275 Diis.“
2227 3244 2295 3255 --
2361 3218 2483 3268 605.
2525 3214 2719 3282 „Felix

435 3276 729 3329 hominum
765 3287 943 3344 aetas,
994 3281 1053 3332 in
1109 3299 1218 3342 qua
1255 3291 1337 3346 te,
1392 3290 1507 3332 tam
1553 3294 1879 3350 generosam
1932 3281 2229 3347 seminam,
2279 3281 2431 3335 nasci
2470 3279 2713 3352 contigit!

436 3341 647 3397 laeta
675 3345 910 3398 saecula
941 3357 1071 3398 suut
1095 3344 1302 3414 fausta,
1334 3348 1532 3399 felicia.
1603 3347 1709 3412 [Cr.
1737 3350 1853 3399 Val.
1881 3351 1960 3400 Fl.
1982 3351 2077 3405 IV.
2102 3355 2194 3418 '3¹-
2220 3347 2361 3402 laeti
2383 3350 2553 3404 venti.
2592 3349 2716 3402 ibid.

434 3413 555 3465 540.
591 3408 745 3464 laeta
771 3428 920 3465 sors·
958 3414 1099 3465 Plin.
1129 3418 1199 3464 H.
1225 3418 1289 3466 Ν.
1318 3418 1413 3480 XI,
1439 3421 1521 3483 37,
1549 3421 1632 3468 77.
1669 3415 1880 3469 laetum
1894 3416 2252 3486 prodigium.
2294 3420 2452 3470 Suet.
2474 3416 2624 3472 Caes.
2643 3422 2718 3471 77.

436 3487 583 3531 exta
615 3476 865 3532 laetiora
901 3482 1070 3545 cett.]
1144 3482 1415 3550 Compara
1469 3485 1505 3532 Ι.
1559 3498 1607 3534 c.
1661 3486 1765 3536 Od.
1801 3486 1899 3549 Vl,
1939 3486 2253 3537 154—157.
2323 3488 2408 3536 De
2454 3484 2558 3538 hac
2604 3489 2719 3537 lau-

434 3545 605 3598 dandi
645 3545 857 3598 ratione
903 3548 1018 3600 vid.
1058 3549 1224 3600 Ovid.
1262 3553 1391 3601 Met.
1428 3551 1535 3615 IV,
1578 3555 1695 3602 322.
1735 3569 1858 3621 sqq.
1896 3561 1950 3603 et
1988 3550 2066 3603 ibi
2101 3553 2348 3603 Burm.“'
2385 3552 2473 3605 H.
2547 3551 2720 3605 Verba

434 3612 564 3686 qui
599 3613 798 3667 tanti
822 3614 1044 3669 talem
1068 3630 1404 3685 genuere
1425 3629 1792 3684 parentes
1826 3628 2076 3688 spectant
2098 3635 2454 3672 communem
2482 3630 2721 3675 veterum

407 3682 790 3748 opinionem,
829 3692 1119 3750 parentum
1155 3694 1409 3737 naturam
1447 3683 1813 3758 animumque
1841 3687 2130 3757 propagari
2150 3686 2217 3738 -in
2247 3685 2486 3755 liber03,
2525 3690 2594 3742 de
2618 3702 2727 3760 qua

434 3749 622 3802 Thiel.
675 3749 918 3803 conferri
969 3750 1124 3804 iubet
1155 3751 1448 3819 Wytteub.
1499 3753 1567 3804 ad
1607 3756 1748 3806 Plut.
1800 3754 1870 3806 de
1925 3772 2030 3808 ser.
2067 3772 2222 3807 num.
2258 3754 2417 3808 vind.
2454 3774 2510 3826 p.
2544 3755 2626 3810 84.
2656 3782 2720 3796 --

431 3816 744 3872 607-610:
780 3820 994 3888 „Quod
1033 3819 1297 3874 Tibullus
1320 3823 1359 3885 I,
1393 3820 1446 3887 4,
1482 3817 1566 3872 65.
1603 3822 1787 3873 nude:
1826 3819 1965 3874 diam
1996 3816 2214 3877 roboffa
2246 3821 2418 3878 tellus
2451 3854 2518 3866 -
2548 3821 2716 3888 vehet,

429 3881 540 3937 hoc
573 3885 820 3940 ornatius
855 3886 1053 3940 extulit
1079 3887 1377 3959 Virgilius:
1415 3891 1597 3942 donec
1629 3888 1862 3943 umbrae
1897 3891 2163 3944 silvarum
2200 3908 2532 3946 convexa
2562 3906 2720 3942 mon-

430 3948 602 4018 tium,
643 3955 701 4006 h.
740 3971 789 4005 e.
824 3956 996 4008 latera
1068 3963 1087 4007 t
1119 3955 1395 4022 ambitus,
1418 3956 1690 4028 adeoque
1725 3967 1941 4012 montes
1976 3975 2290 4022 convexos,
2316 3955 2716 4019 obscurabunt,

434 4024 491 4068 et
523 4022 768 4076 ornatius
807 3973 1279 4092 lusti-huni,
1321 4022 1520 4077 umbra
1553 4041 1655 4092 pro
1689 4022 1836 4078 flexu
1862 4026 2003 4079 solis
2032 4027 2367 4093 procedente
2402 4035 2455 4078 et
2486 4025 2718 4099 circum-3

432 4097 631 4162 agente
677 4106 756 4142 se.
843 4091 1103 4156 [Prorsus
1152 4093 1347 4157 aliam,
1399 4093 1499 4145 sed
1552 4093 1738 4146 minus
1791 4091 2168 4160 probabilem,
2219 4092 2328 4144 loc¹i
2388 4089 2721 4161 expediendi

430 4160 703 4227 :rationem
729 4156 1014 4226 ingressus
1040 4171 1122 4214 est
1136 4160 1452 4213 Markland.
1473 4160 1540 4212 ad
1565 4162 1697 4214 Stat.
1722 4160 1858 4212 Sitv.
1878 4161 1941 4223 H,
1959 4162 2010 4224 3,
2032 4162 2115 4212 55.
2144 4175 2197 4227 p.
2220 4164 2334 4211 102.
2352 4198 2367 4223 ,
2400 4161 2526 4230 qui,
2555 4170 2723 4229 quum

431 4233 695 4275 cmzveoea
741 4227 875 4279 alibi
920 4245 1196 4300 nusquam
1235 4229 1303 4280 de
1346 4228 1590 4282 vallibus
1637 4235 1963 4294 usurpetur,
2007 4224 2299 4280 montibus
2333 4236 2516 4278 autem
2561 4235 2720 4293 proc

430 4286 714 4342 montibus
747 4294 886 4345 n'iire
922 4296 1129 4348 dictum
1168 4306 1341 4363 esset,
1389 4314 1516 4349 cum
1552 4291 1839 4347 veteribus
1869 4291 2208 4366 quibusdam
2244 4291 2622 4346 Grammaticis
2656 4303 2719 4366 ac

430 4352 618 4407 Schol.
670 4360 807 4410 Hor.
852 4361 1050 4435 Crucq.
1089 4367 1195 4418 Od.
1226 4368 1279 4431 Ι,
1329 4368 1413 4418 28.
1462 4374 1516 4417 et
1550 4363 1727 4431 Epod.
1755 4362 1880 4413 XV.
1916 4361 2238 4431 'suspicatus
2264 4369 2388 4426 est,
2437 4359 2606 4415 verba
2640 4370 2717 4410 sic

430 4436 555 4477 esse
598 4424 1020 4498 coniungenda:
1070 4432 1476 4500 Lustrabunt,
1527 4447 1790 4487 convexa
1823 4427 2006 4500 polus
2047 4432 2188 4484 dum
2235 4426 2440 4484 sidem
2472 4433 2712 4513 paga,
2747 4465 2757 4475 .
