2870 4981
1507 237 1522 261 Ι

890 339 1319 429 murrinos
1365 341 1522 444 mul.
1556 344 1648 408 ιι·
2147 344 2148 347 ‘
2294 308 2419 416 iss

138 527 446 606 &lidoriiss
492 534 691 609 terque
730 526 859 609 ipsa
880 526 1021 590 eolo
1065 563 1148 577 -—
1191 528 1459 592 mirabile
1494 529 1654 592 dictu
1696 534 1781 578 --“

135 604 409 689 Emicuit,
443 624 817 694 parmamque
857 615 1052 675 ferens
1093 614 1438 694 hastamque
1479 623 1832 685 trementem.
2111 630 2116 635 ’
2293 622 2420 690 175

134 697 418 779 Extemplo
464 701 735 758 tentanda
777 698 920 779 suga
959 697 1117 760 canit
1161 719 1416 780 aequora
1467 700 1753 782 Calchas,
2315 730 2316 735 ¹

132 787 238 848 Nec
277 802 447 862 posse
490 775 781 862 Argolicis
824 782 1090 844 exscindi
1119 784 1412 865 Pergama
1459 786 1623 866 tolia,

134 870 325 951 Qmina
362 866 423 927 ni
466 878 729 946 repetant
770 867 988 949 Argis,
1032 889 1355 952 numenque
1395 870 1712 952 reducant,

127 1071 353 1154 epitheto
385 1067 582 1124 salsus
593 1107 615 1136 ‚
653 1067 807 1142 quod
838 1077 1050 1123 temere
1081 1081 1275 1125 censet
1305 1069 1674 1142 depravatum
1708 1056 1863 1141 esse,
1900 1071 2105 1131 clarus
2139 1076 2234 1129 vel
2266 1075 2424 1132 aliud

123 1140 355 1194 eiusdem
390 1135 672 1208 potestatis
698 1134 1038 1191 vocabulum
1065 1136 1520 1194 substituendum
1548 1158 1671 1195 esse
1700 1142 2030 1212 suspicatur.
2088 1142 2424 1199 Sed'salsus

126 1201 459 1277 aptissimum
507 1204 757 1271 sudoris,
809 1206 1128 1276 sanguinis,
1179 1208 1532 1261 lacrimarum
1569 1209 1892 1279 epithe10n3
1941 1220 1996 1265 et
2029 1212 2251 1266 sudoris
2332 1214 2422 1266 ui·-

127 1278 239 1329 dem
267 1274 392 1327 salsi
429 1289 650 1326 causam
688 1273 905 1344 quaerit
944 1275 1170 1328 Aristot.
1203 1274 1483 1328 Problem.
1510 1279 1575 1341 11,
1607 1281 1659 1328 3.
1686 1308 1753 1317 —
1783 1276 1988 1352 ipsa,
2027 1286 2203 1333 totum
2236 1282 2308 1333 Pa
2336 1282 2422 1334 la·-

123 1343 296 1406 dium‚
344 1340 662 1410 oppositum
711 1341 947 1410 singulis
998 1343 1115 1397 suis
1151 1342 1438 1410 partibus,
1491 1343 1767 1413 imprimis
1802 1346 2115 1401 luminibus
2150 1350 2419 1403 arrectis.

77 1445 82 1462 .
123 1410 198 1465 Cf.
231 1411 439 1462 adnott.
478 1410 549 1462 ad
592 1410 780 1482 Genu>
824 1411 943 1462 297.
978 1439 1047 1450 -
1124 1413 1234 1462 175.
1271 1420 1746 1481 trementem,
1786 1413 1917 1486 quia
1954 1414 2179 1481 emicat,
2217 1416 2421 1471 exsilit.

121 1507 181 1519 -
216 1479 522 1531 176—179.
557 1492 607 1545 „*
623 1474 1020 1530 Tentanda
1101 1495 1250 1547 aga
1283 1495 1366 1532 cce
1431 1495 1625 1534 uera
1664 1491 1854 1534 ornate
1888 1499 1990 1549 pro
2026 1484 2424 1537 revertendum

119 1563 246 1599 esse.
316 1543 442 1610 [Cl'.
491 1545 704 1596 adnott.
755 1545 824 1595 ad
863 1545 1271 1611 Ecl.1',32.]
1416 1544 1614 1617 minse
1666 1547 1745 1601 ni
1792 1546 2148 1619 repetant
2182 1550 2423 1622 Argis

121 1614 334 1665 ductum
372 1613 602 1665 videtur
637 1609 708 1662 ab
747 1611 1180 1680 imperatoribus
1219 1614 1517 1680 Romanis,
1540 1628 1545 1641 ’
1571 1615 1671 1687 qui
1719 1616 1789 1669 ad
1837 1616 2085 1686 auspicia
2119 1621 2425 1688 repetenda

117 1697 176 1734 ac
208 1681 530 1734 renovanda
563 1683 797 1732 Romam
835 1697 1242 1753 nonnunquam
1281 1700 1350 1734 ex
1389 1681 1582 1736 castris
1618 1684 1821 1738 reverti
1864 1683 2151 1752 solebant,
2190 1685 2237 1740 si
2274 1703 2329 1739 v.
2369 1703 2421 1740 c.

118 1752 311 1801 malum
350 1765 524 1801 omen
562 1747 832 1800 inciderat
882 1747 1088 1816 (cuius
1137 1748 1216 1802 rei
1247 1748 1464 1803 ‘crebra
1509 1752 1656 1818 apud
1695 1752 1919 1805 Livium
1958 1752 2189 1806 mentio.
2230 1753 2425 1818 Wr.)

118 1819 291 1890 Itaque
343 1815 610 1870 similiter
657 1815 872 1881 statuit,
938 1832 1060 1895 esse
1108 1816 1342 1873 Achivis
1391 1819 1677 1872 Graeciam
1728 1820 2123 1889 repetendam,
2174 1822 2424 1891 auspicia

118 1885 186 1942 ibi
220 1883 617 1953 instauranda,
671 1890 726 1934 et
771 1898 896 1934 cum
949 1894 1069 1954 ipso
1104 1885 1353 1938 Palladio
1401 1894 1634 1953 avecto,
1683 1897 1745 1940 ut
1778 1887 2096 1942 restituatur
2131 1888 2191 1942 in
2228 1892 2423 1944 sedem

121 1970 294 2017 suam,
350 1949 826 2004 revertendum.“
874 1948 961 2005 H.
1034 1951 1236 2019 Miror,
1296 1953 1449 2007 hunc
1496 1955 1686 2007 locum
1736 1954 2133 2010 difficillimum
2181 1975 2213 2009 a
2266 1957 2418 2018 Wr.

151 2028 331 2073 torsus
381 2018 650 2070 intactum
701 2034 824 2071 esse
868 2017 1157 2086 relictum,
1227 2019 1327 2094 qui
1378 2021 1477 2076 Vir
1527 2022 1754 2077 doctiss.
1803 2022 1949 2076 nihil
1992 2024 2245 2092 adnotet,
2313 2026 2423 2080 nisi

154 2104 269 2141 aec:
323 2102 685 2155 „nume-n,
740 2085 812 2138 de
860 2085 1190 2155 simulacro,
1243 2099 1413 2156 uth.
1447 2089 1617 2144 183ss
1670 2087 1997 2150 Weickert.
2050 2100 2241 2145 tamen
2288 2095 2329 2144 l.
2378 2096 2418 2146 l.

117 2172 166 2227 p.
191 2159 304 2221 1Ο.,
344 2155 491 2207 haec
516 2149 764 2222 scripsit:
801 2156 993 2219 „Patet
1029 2171 1224 2208 verum
1262 2173 1384 2211 esse
1415 2160 1457 2215 I.
1485 2161 1556 2211 H.
1592 2157 1774 2210 Vossii
1811 2157 1867 2209 h.
1893 2160 1932 2210 l.
1969 2159 2421 2228 explicationem,

120 2240 304 2304 quam·
332 2219 637 2342 nobgcum
710 2221 1148 2343 οοῐξιὶῃιυηίοειέἰῐ
1208 2223 1329 2278 eius
1390 2223 1561 2343 filius]
1597 2223 1965 2307 Abrabamus.
2012 2228 2049 2278 1.
2111 2245 2279 2295 supra
2345 2232 2420 2280 1.:

118 2288 464 2416 ἐἰὲὶῑῗῗωίἶ
487 2305 699 2409 &maz
728 2305 1099 2424 υο.·ἕ.ῐι.ῗ,ἷὲη,
1120 2307 1265 2410 ’5ξέ
1298 2302 1419 2412 ἑῖἕέ
1421 2290 1585 2419 8ἰὶῗῖ
1584 2303 1687 2412 {72
1698 2291 1775 2413 ‚1¹
1773 2309 1884 2411 :1⁸5²
1876 2306 2043 2414 ‚²4⁰²AEss
2058 2311 2168 2413 ἶῗὲ.
2181 2292 2422 2416 ἔέῗυῖᾱ

118 2426 301 2481 nentem
346 2421 714 2478 herbeilzolen
726 2462 750 2492 ,
812 2421 939 2476 ihre
983 2423 1418 2497 Entsclzev'dung
1476 2443 1588 2482 von
1632 2443 1832 2480 neuem
1879 2427 2216 2496 erforsclaeen
2235 2467 2258 2497 ,
2320 2430 2424 2483 ,κίε

117 2493 343 2549 ψεῙσῘισν
371 2490 463 2546 sie
488 2489 792 2562 ausgeschv‘
841 2500 865 2542 t
891 2490 1043 2545 sind.
1123 2488 1247 2548 Om
1264 2493 1338 2547 in
1355 2513 1398 2557 a⁴
1428 2497 1555 2548 need
1588 2512 1626 2547 η
1646 2512 1685 2547 u
1701 2511 1853 2548 men
1879 2499 1972 2548 ent
2044 2496 2249 2550 rechen
2273 2497 2419 2568 sicle,

119 2579 174 2617 so
205 2561 309 2616 wie
341 2559 614 2615 letzteres
636 2558 715 2612 im
782 2557 1060 2638 olgenden
1090 2558 1156 2615 V
1151 2578 1279 2615 erse
1310 2560 1467 2615 scine
1492 2559 1840 2631 Erkliirung
1861 2563 1956 2628 fin
2004 2562 2137 2617 et.“
2158 2562 2209 2592 “
2276 2567 2424 2654 Ergo

118 2645 310 2684 numen
356 2643 480 2682 non
528 2627 633 2697 erit
662 2628 757 2680 .de
807 2629 1105 2681 simulacro
1142 2627 1591 2699 intelligendum.
1659 2630 1869 2697 Heynii
1907 2630 2339 2699 explicationem
2374 2634 2425 2689 si

118 2697 387 2771 sequeris,
427 2697 671 2750 Graecos
719 2694 1025 2768 palladium
1072 2695 1328 2750 avexisse
1381 2697 1442 2749 in
1480 2697 1796 2764 Graeciam,
1848 2706 1910 2751 ut
1955 2695 2064 2751 sibi
2100 2711 2422 2766 servarent,

119 2766 471 2819 statuendum
508 2771 622 2830 est,
676 2764 828 2836 quod
868 2779 934 2815 eo
969 2763 1147 2835 magis
1181 2764 1405 2818 videtur
1438 2764 1745 2820 absurdum
1769 2803 1785 2832 ‚
1835 2767 1989 2847 quod
2025 2767 2200 2822 verba
2231 2785 2423 2823 secum

120 2849 356 2887 avexere
395 2849 520 2885 non
553 2830 742 2898 aliter,
833 2847 959 2884 uam
1008 2832 1079 2884 de
1118 2831 1395 2887 universis
1430 2832 1656 2887 Graecis
1691 2832 1926 2904 intelligi
1963 2843 2215 2903 possunt.
2285 2837 2423 2905 Quis

118 2896 583 2971 autemxputabit,
630 2908 691 2953 ut
742 2848 1047 2969 pdiladium
1081 2900 1342 2955 Troianis
1375 2910 1631 2970 ereptum
1667 2900 1723 2954 in
1762 2900 2049 2955 Graeciam
2082 2902 2425 2969 aveherent,

121 2985 302 3023 omnes
348 2971 596 3021 Graecos
645 2966 882 3022 solvisse
928 2983 1136 3033 naves,
1188 2969 1278 3020 cui
1330 2968 1557 3038 negotio
1643 2968 1766 3021 auci
1817 2978 1976 3022 erant
2025 2968 2426 3038 praeficiendi?

118 3036 298 3108 Neque
329 3035 573 3102 omnino
595 3035 750 3104 prius
782 3033 839 3087 in
867 3033 1151 3087 Graeciam
1187 3034 1435 3089 ablatum
1466 3047 1588 3091 esse
1636 3037 1852 3107 egimus
1877 3035 2215 3105 palladium,
2296 3055 2424 3091 uam

117 3120 297 3157 eversa
348 3102 532 3157 Troia
578 3112 726 3157 totus
786 3102 994 3155 rediret
1041 3103 1376 3156 Graecorum
1423 3102 1724 3172 exercitus.
1805 3099 2064 3157 Ceterum
2113 3101 2184 3156 ex'
2290 3105 2425 3159 ossii

118 3168 567 3241 interpretatione
599 3169 812 3223 unice
849 3186 980 3236 vera
1007 3170 1551 3225 commendationem
1580 3170 1863 3241 quandam
1890 3170 2230 3225 nanciscitur
2257 3173 2425 3227 lectio

120 3240 437 3307 advexere,
495 3254 573 3296 sc.
617 3238 679 3292 in
717 3237 1017 3291 Troadem.
1036 3236 1075 3266 “
1143 3238 1513 3312 Eandemque
1551 3238 1733 3293 Vossii
1786 3238 2216 3308 explicationem
2253 3240 2423 3295 etiam

120 3306 292 3360 Thiel.
341 3305 612 3376 praefert.
679 3305 958 3378 Equidem
1005 3322 1098 3377 me
1132 3305 1317 3359 adhuc
1359 3304 1597 3359 dubium
1647 3311 1874 3360 haerere
1910 3306 2097 3360 fateor.
2165 3309 2236 3363 Ut
2267 3309 2437 3362 enim⁴

119 3374 442 3428 Weickerto
478 3374 814 3438 concedam,
863 3372 1192 3427 Vossianam
1233 3372 1507 3427 rationem
1537 3374 1708 3444 poe'ta'
1724 3376 1892 3457 longe
1918 3374 2383 3446 esse‘digniorem
2405 3416 2420 3440 ,

122 3450 168 3493 et
195 3455 405 3496 numen
439 3443 727 3496 reducere
776 3441 834 3494 id
870 3456 1006 3493 vere
1039 3441 1085 3496 si
1129 3439 1351 3495 nificare
1398 3459 1599 3511 posse,
1645 3444 1798 3514 quod
1833 3444 1930 3498 ille
1965 3444 2278 3513 suspicatur
2310 3443 2422 3510 (cs.
2493 3503 2497 3510 5

122 3509 319 3563 aduott.
375 3510 461 3563 ad
494 3511 636 3562 Aen.
673 3512 724 3575 Ι,
764 3511 817 3563 8.
873 3517 926 3561 et
958 3509 1076 3561 447.
1138 3549 1152 3575 ,
1192 3523 1380 3582 quum'
1416 3517 1509 3562 m'e
1544 3526 1662 3564 non
1722 3510 1925 3582 fugiat,
1991 3511 2112 3580 ipsa
2177 3513 2450 3577 auspicia„

122 3573 390 3630 interdum
449 3578 594 3631 deos
637 3585 705 3628 et·
740 3575 904 3630 divos
938 3577 1124 3630 vocari
1164 3575 1273 3643 (cf.
1311 3580 1448 3632 Hor.
1487 3578 1593 3632 Od.
1631 3579 1739 3644 IV,
1782 3578 1996 3646 14„34.
2047 3579 2213 3633 Ovid.
2252 3578 2422 3631 Trist.

121 3646 188 3710 Π,
240 3652 357 3699 173.
400 3644 614 3717 ibique
661 3647 981 3713 Interpp.);
1041 3662 1211 3699 nemo
1257 3655 1445 3713 tamen
1502 3664 1619 3699 non
1668 3645 1854 3714 videt,
1919 3662 2090 3719 quam
2144 3646 2284 3698 mire
2332 3646 2424 3717 di·-

124 3721 258 3765 ctum
294 3723 481 3767 esset:
520 3714 864 3775 voluntatem
905 3712 1155 3766 divinam
1187 3720 1376 3768 secum
1407 3713 1720 3768 &avehere
1749 3731 1794 3769 s.
1832 3713 2112 3768 advehere
2149 3711 2423 3777 navibusr,

158 3782 439 3840 raesertim
481 3796 659 3851 quum
694 3797 749 3833 v.
776 3783 905 3835 1179.
941 3798 1058 3835 non
1094 3782 1276 3850 ipsum
1313 3790 1496 3835 vatem
1535 3780 1731 3836 divino
1767 3781 1962 3852 spiritu
2000 3777 2276 3838 afflatum.
2322 3782 2426 3835 sed

123 3795 599 3919 ginonemrloqui
649 3847 972 3920 audiamus,
1022 3850 1173 3922 quod
1228 3848 1567 3903 indicativus
1614 3867 1867 3903 avexere
1911 3850 2038 3901 luce
2084 3846 2287 3902 clarius
2320 3848 2428 3900 de«

122 3926 418 3980 monstrat3
456 3926 516 3969 ut
542 3914 697 3967 *nihil
733 3916 914 3968 dicam
955 3918 1026 3969 de
1060 3916 1229 3971 totius
1257 3917 1364 3970 loci
1402 3916 1553 3970 ambi
1598 3917 1795 3982 nitate,
1834 3934 2009 3989 quum
2035 3914 2222 3996 quivis
2255 3916 2450 3969 lector'

123 3990 238 4036 ante
275 3984 475 4038 omnia
511 3983 582 4035 de
617 3983 862 4053 palladio
896 3984 1238 4039 restituendo
1272 3984 1494 4056 cogitet.
1595 3990 1767 4038 ,o‘n‘tra
1802 3982 2010 4054 Heynii
2050 3984 2430 4051 interpretatio

78 4051 81 4056 '
123 4065 212 4129 per
245 4070 307 4105 se
341 4060 596 4121 spectata
633 4050 777 4104 nihil
809 4052 1094 4118 continet,
1141 4054 1292 4125 quod
1345 4052 1630 4106 offendere
1678 4053 1870 4121 possit.
1941 4051 2088 4121 Quid
2119 4049 2430 4107 absurdum

125 4119 245 4171 insit
277 4118 631 4184 sententiae,
680 4121 946 4186 Graecos,
996 4136 1112 4195 quo
1145 4120 1351 4175 certius
1385 4120 1691 4191 palladium
1726 4118 1833 4174 sibi
1874 4128 2192 4184 servarent,
2245 4120 2430 4173 statim

125 4182 176 4239 id
213 4185 560 4258 navibusiin
599 4185 882 4240 Graeciam
931 4187 1182 4256 misisse,
1237 4206 1426 4261 neque
1471 4187 1884 4259 possessionem
1934 4186 2054 4241 eius
2102 4186 2173 4240 ab
2223 4185 2435 4241 incerta

124 4250 249 4308 belli
282 4254 518 4309 fortuna
553 4253 800 4323 pendere
832 4255 1110 4323 voluisse,
1146 4256 1409 4329 equidem
1447 4275 1562 4310 non
1600 4255 1908 4326 perspicio3
1954 4269 2141 4328 neque
2171 4257 2435 4308 voculam

125 4336 300 4376 secum
337 4323 664 4376 necessario
703 4322 773 4375 de
809 4331 921 4376 toto
955 4325 1291 4386 Graecorum
1331 4324 1577 4379 exercitu
1615 4322 2083 4404 interpretandam
2119 4339 2241 4378 esse
2275 4333 2431 4394 pute,

126 4405 286 4461 quum
303 4407 508 4447 secu-m
534 4388 774 4444 avehere
800 4389 1031 4445 omnino
1055 4408 1157 4463 pro
1181 4394 1411 4447 domum
1438 4390 1680 4445 avehere
1712 4392 1921 4446 dictum
1940 4431 1955 4459 ‚
1985 4391 2214 4462 pluralis
2248 4400 2434 4444 autem

125 4457 307 4514 curvis
353 4456 586 4522 carduis
627 4465 724 4513 aut
766 4458 1052 4529 poetarum
1087 4476 1244 4518 more
1278 4476 1378 4531 pro
1413 4457 1685 4531 singulari
1717 4459 1933 4532 positus
1966 4457 2162 4516 haberi
2183 4499 2197 4525 ,
2231 4467 2328 4512 aut
2361 4459 2436 4511 ita
