2870 4981
375 317 509 380 170
1099 313 1171 376 Ρ.
1215 307 1552 374 ἩΒΕΠᾹΙ
1593 309 1967 374 MARONJS

274 573 283 583 ,
375 505 534 569 Dum
574 507 770 565 stabat
809 521 994 584 regno
1033 499 1339 563 incolumis
1379 519 1697 581 regumque
1741 499 1978 580 vigebat

381 588 698 667 Conciliis,
746 600 806 650 et
846 610 952 649 uos
996 588 1229 668 aliquod
1270 606 1586 664 nomenque
1628 589 1920 665 decusque

380 675 710 739 Gessimus.
792 673 1022 735 Invidia
1064 683 1366 753 postquam
1410 671 1654 751 pellacis
1696 670 1864 733 Ulixi
1910 707 1989 717 —
2608 669 2691 733 90

376 912 606 979 inferri,
653 926 854 964 sensus
900 916 1069 961 vetat.
1087 906 1126 935 “
1163 906 1280 968 W.
1353 904 1438 959 Cf.
1484 904 1699 959 adnott.
1748 905 1819 959 ad
1855 908 1955 959 Ge.
1988 908 2046 975 1,
2087 906 2203 959 142.
2240 916 2297 961 et
2330 909 2431 961 Ge.
2460 911 2535 975 11,
2571 905 2689 963 428.

377 984 642 1040 Ceterum
676 978 846 1041 Sino,
883 975 1081 1030 Aesini
1113 975 1298 1042 filius,
1333 990 1515 1045 genus
1545 972 1619 1026 ab
1652 974 1917 1028 Autolico
1955 975 2119 1028 duxit
2149 976 2390 1048 (Hygia.
2422 976 2468 1029 f.
2498 977 2701 1046 1080„

376 1049 535 1105 unde
586 1044 974 1117 propinquitas
1033 1044 1132 1096 illa
1181 1061 1313 1097 cum
1359 1043 1660 1096 Palamede
1710 1042 2065 1111 explicanda.
2125 1067 2234 1084 -·
2292 1045 2559 1111 „Versus
2608 1050 2692 1099 87.

378 1116 620 1174 eximiae
653 1113 805 1166 artis.
875 1111 962 1164 Cf.
1003 1112 1147 1165 infra
1183 1115 1284 1177 111,
1321 1114 1443 1167 614.
1479 1130 1568 1183 sq.
1617 1121 1674 1165 et
1709 1110 2086 1180 copiosiorem
2118 1113 2310 1166 locum
2349 1114 2519 1174 Ovid.
2554 1115 2693 1167 Met.

375 1191 446 1244 111
515 1183 830 1237 583—596.
864 1210 935 1221 -—
989 1180 1192 1233 misit
1239 1180 1315 1233 in
1361 1197 1610 1248 arma,
1667 1180 1724 1233 h.
1762 1198 1811 1231 e.
1861 1181 1930 1231 ad
1969 1178 2203 1233 bellum.
2275 1182 2461 1247 [Ante
2496 1185 2694 1248 oculos

377 1224 580 1310 habuit
625 1250 777 1302 hunc
822 1251 1009 1301 locum
1044 1250 1254 1301 Lucan.
1280 1252 1387 1314 m,
1421 1250 1543 1302 292.
1611 1247 1751 1302 Non
1800 1246 2071 1316 corniger·
2113 1249 2409 1303 Hammon
2451 1248 2695 1304 luitici-e

378 1316 782 1378 Marmaricas
814 1314 1057 1370 cessavit
1079 1314 1146 1369 in
1181 1334 1351 1369 ‹zv-ma
1373 1317 1702 1381 cedet-vas]
1776 1317 1937 1385 Quod
1965 1326 2197 1384 pater
2219 1334 2534 1386 pauper
2574 1328 2690 1382 est,

377 1395 451 1443 ad
486 1383 973 1456 amplificationem
1001 1385 1335 1438 Homericae
1369 1384 1612 1436 similem
1650 1386 1919 1451 pertinet3
1955 1385 2035 1436 uti
2074 1385 2199 1438 aliis
2233 1387 2294 1437 in
2327 1385 2500 1451 locis,
2536 1388 2721 1459 quod'

366 1466 552 1527 pater
587 1454 748 1507 dives
784 1460 894 1516 est3
946 1469 1135 1524 neque
1173 1452 1233 1505 in
1267 1469 1336 1506 eo
1369 1453 1761 1522 argutandum.
1836 1451 2052 1517 [„Sed‚
2075 1452 2280 1507 rectius
2313 1451 2580 1521 fortasse,
2633 1462 2697 1506 ut

376 1526 503 1594 ipse
534 1524 606 1574 H.
661 1518 810 1574 iusra
859 1518 929 1572 ad
968 1524 1067 1585 111,
1102 1520 1257 1585 615„
1307 1535 1408 1575 sua
1455 1530 1702 1587 tempora
1749 1519 1843 1572 hic
1881 1519 2179 1590 Virgilium
2215 1519 2494 1590 respicere
2528 1532 2700 1590 puta-

376 1589 642 1648 bimus.“
694 1588 844 1647 Wr.
927 1588 1068 1641 Mihi
1119 1589 1344 1642 videtur
1406 1588 1478 1640 ad
1540 1587 1954 1644 miserationem
2001 1589 2317 1658 augendam
2372 1589 2691 1656 additum.]

377 1691 450 1705 ...-
475 1656 759 1728 primis
792 1655 882 1710 ab
915 1655 1172 1724 annis,
1213 1654 1284 1709 ab
1317 1655 1479 1709 initio
1515 1652 1728 1707 belli.“
1764 1655 1851 1710 H.
1924 1657 2093 1722 „Alii
2128 1656 2445 1726 explicant:
2498 1658 2561 1710 in
2596 1659 2698 1711 iu-

376 1735 610 1782 ventute
655 1725 869 1794 primat,
921 1725 1075 1797 quod
1127 1740 1470 1796 quamquam
1514 1723 1739 1791 linguae
1777 1724 2073 1790 convenit,
2125 1741 2325 1777 vereor
2357 1734 2580 1793 tamen,
2629 1737 2700 1781 ut

378 1794 580 1850 dulces
604 1790 752 1859 nati,
790 1793 889 1913 qui
917 1809 973 1844 v.
1003 1796 1119 1847 138.
1144 1795 1545 1857 memorantur,
1574 1791 1725 1845 illam
1758 1794 1938 1844 serant
1963 1792 2540 1861 interpretationem.“
2571 1794 2693 1853 W.

377 1894 449 1907 ·—
484 1865 570 1916 88.
608 1867 694 1915 89.
729 1900 781 1929 ,,
877 1877 988 1913 vm
1019 1860 1281 1915 stabat
1312 1876 1541 1929 regno
1575 1858 2013 1928 incolumis,
2066 1860 2205 1912 dum
2241 1869 2355 1913 erat
2388 1860 2698 1917 incolumis

376 1930 723 1987 Palamedes.
791 1928 1001 1981 Durior
1045 1929 1222 1982 oratio
1269 1945 1406 1998 pro:
1461 1929 1597 1979 dum
1636 1939 1750 1981 erat
1784 1925 2054 1980 incolumi
2089 1945 2295 1999 regne,
2340 1928 2399 1981 h.
2438 1946 2493 1982 e.
2528 1940 2698 1998 pote-

377 2009 520 2060 state
553 1996 677 2051 sive
706 1996 1057 2061 auctoritate,
1093 2014 1263 2066 quam
1299 1993 1574 2060 habebat3
1612 1997 1705 2048 vel
1731 2012 1865 2066 pro:
1896 1994 2034 2048 dum
2070 2012 2306 2065 regnum
2343 1997 2466 2050 eius
2491 1996 2691 2065 stabat,

380 2077 534 2133 erat,
582 2065 901 2130 incolumez,
953 2074 1016 2115 ut
1066 2081 1307 2144 regnum
1350 2064 1421 2118 sit
1468 2063 1795 2131 auctoritas,
1846 2080 1959 2137 qua
2009 2063 2137 2136 quis
2170 2082 2433 2134 regnare*
2455 2064 2693 2132 dicitur,

377 2137 441 2191 h.
496 2153 549 2188 e.
594 2141 795 2201 potens
843 2150 1004 2196 esseq
1052 2131 1257 2198 opibus
1303 2135 1511 2186 valere.
1593 2132 1804 2187 Sensus
1854 2131 2052 2201 igitur:
2088 2132 2376 2204 ‚quamdiu
2426 2132 2525 2185 ille
2577 2144 2697 2187 erat

375 2201 649 2260 incolumi
694 2200 842 2253 inter
875 2198 1222 2254 Achivorum
1269 2198 1554 2269 principes
1605 2200 1958 2264 anctoritate3
2004 2202 2157 2253 unde
2207 2201 2302 2253 ille
2352 2198 2692 2270 vigebat,

376 2267 632 2336 valebat,
693 2268 756 2321 in
802 2286 1060 2338 regum
1116 2266 1499 2324 conciliis.
1591 2269 1783 2337 [Quae
1831 2267 2243 2329 simplicissima
2297 2278 2353 2321 et
2402 2269 2696 2323 verissima

375 2340 604 2393 videtur
636 2340 825 2391 locum
859 2335 1209 2407 intelligendi
1250 2339 1405 2390 ratio.
1475 2338 1561 2389 Ex
1595 2338 1827 2390 Homeri
1864 2337 2015 2388 enim
2053 2336 2463 2389 consuetudine
2497 2354 2699 2392 omnes

376 2408 532 2462 viros
565 2404 849 2474 principes
894 2423 1061 2475 reges
1107 2406 1295 2458 vocari
1331 2406 1516 2477 iisque
1551 2421 1792 2471 regnem
1838 2401 2036 2470 tribui,
2092 2404 2202 2456 iam
2241 2421 2409 2473 supra
2442 2404 2699 2460 vidimus

376 2476 451 2529 ad
487 2474 631 2528 Aen.
659 2475 708 2529 1.
750 2474 906 2539 268]
978 2471 1156 2530 Stare
1189 2474 1483 2538 dicuntur,
1536 2473 1635 2546 qui
1684 2469 1886 2526 florent
1921 2469 2090 2526 rebus
2125 2470 2445 2542 prosperis,
2494 2482 2699 2528 aucto-

374 2543 567 2607 ritate,
608 2539 843 2622 opibus3
879 2552 942 2595 ut
973 2551 1190 2596 notum.
1265 2541 1499 2604 (Addez
1537 2540 1751 2613 quique
1787 2542 1847 2594 in
1884 2549 2027 2594 statu
2067 2559 2169 2594 suo
2206 2550 2453 2593 manent.
2514 2552 2606 2595 sio
2640 2546 2700 2599 eft
2784 2588 2791 2594 .

371 2607 683 2665 incolumes
727 2626 854 2662 sum
903 2609 1100 2662 dicunt
1155 2608 1271 2661 sere
1321 2611 1608 2676 pedestres
1656 2608 1953 2677 scriptores
2034 2609 2227 2679 poe'tae
2262 2619 2350 2663 sto
2385 2607 2697 2664 incolumis

376 2679 636 2745 iungunt.
705 2677 956 2743 Statum,
1009 2693 1126 2755 quo
1167 2674 1285 2729 efat
1308 2676 1680 2741 Palamedes,
1727 2685 1883 2730 notat
1932 2648 2209 2749 ablativus
2259 2694 2477 2746 regno,
2528 2676 2588 2729 h.
2643 2696 2693 2732 e.

373 2747 532 2816 :regia
569 2746 907 2797 auctoritate.
978 2744 1094 2797 Cic.
1127 2743 1232 2797 Off.
1263 2748 1339 2810 II,
1370 2750 1419 2796 1.
1491 2742 1729 2797 Utinam
1761 2741 2094 2812 respublica
2129 2744 2374 2799 stetisset
2407 2762 2525 2817 quo
2557 2763 2692 2801 coe·-

365 2821 549 2887 perat
606 2812 808 2867 stam!
886 2813 980 2865 Sic
1027 2811 1202 2866 verba
1240 2828 1507 2877 manere,
1545 2826 1931 2880 perseverare
1954 2829 2108 2865 scum
2154 2829 2286 2867 casu
2341 2822 2504 2867 sexto
2553 2814 2569 2865 i
2580 2833 2695 2867 uu-

373 2889 603 2953 guntur.
625 2877 660 2907 “
702 2879 856 2945 W.)
923 2882 1153 2935 Summa
1200 2890 1384 2931 autem
1418 2879 1732 2932 Palamedis
1777 2888 1892 2932 erat
1941 2879 2245 2949 sapientiae
2271 2896 2336 2934 ac
2368 2881 2597 2935 consilii
2633 2883 2699 2936 in

375 2946 699 3019 princip'um
731 2947 1089 3003 consessibus
1113 2949 1442 3011 auctoritas3
1476 2947 1687 3020 quippe
1724 2944 2015 3010 σοφώτατος
2047 2951 2262 3020 ἀνδρῶν,
2301 2957 2355 3001 et
2388 2952 2702 3004 multarum

377 3033 599 3081 serum,
649 3015 816 3069 etiam
868 3018 1205 3082 litterarum,
1265 3017 1525 3068 inventor
1572 3015 1932 3069 clarissimus.
1951 3016 2123 3082 ⁶211.
2211 3015 2487 3074 conciliis
2532 3018 2702 3072 alteri

341 3082 610 3143 ,lectioni
658 3083 915 3138 consiliis
964 3085 1083 3138 iure
1134 3084 1374 3152 praefert
1407 3084 1494 3137 H.
1514 3092 1547 3151 ,'
1590 3085 1690 3136 sed
1748 3082 1948 3137 miram
1994 3084 2152 3136 addit
2185 3099 2439 3138 causam:
2492 3088 2699 3152 „Sane

377 3168 579 3223 regum
626 3170 673 3206 s.
711 3152 1061 3222 principum,
1102 3152 1324 3224 inquit,
1377 3152 1452 3205 de
1499 3167 1674 3222 regno
1720 3148 2153 3206 deliberantium
2202 3152 2359 3207 suere
2404 3152 2696 3223 consilia,

381 3231 440 3274 et
493 3220 566 3271 ita
616 3220 840 3299 proprie
889 3219 1163 3274 deberent
1211 3220 1341 3274 dici.
1411 3221 1523 3273 Sed
1576 3222 1772 3288 poetae
1819 3219 2086 3274 videntur
2124 3220 2183 3273 id
2220 3239 2280 3274 se
2324 3219 2414 3285 ui,
2465 3224 2628 3294 quod
2666 3241 2704 3274 a

375 3285 598 3365 vulgari
631 3296 847 3340 ratione
871 3289 1114 3354 recedit,
1155 3298 1210 3341 et
1241 3297 1463 3356 ponunt
1494 3286 1822 3342 concilia.“
1864 3287 1942 3340 At
1972 3288 2281 3343 rectissime
2403 3309 2459 3343 r.
2481 3307 2502 3346 .·
2539 3293 2711 3358 „Neo

419 3354 561 3408 cetis
594 3353 825 3426 quidem
860 3356 1132 3409 confundi
1164 3357 1303 3409 haec
1336 3365 1597 3426 possunt,
1646 3365 1710 3408 ut
1758 3360 1926 3423 plane
1961 3355 2217 3410 diversae
2249 3357 2484 3426 originis
2520 3375 2707 3413 voca-

374 3372 535 3479 bula.
634 3425 848 3491 Nempe
897 3423 1151 3496 vigebat.
1176 3442 1430 3494 regum
1489 3423 1859 3480 conciliis
1918 3424 2063 3479 nihil
2122 3434 2210 3479 est
2268 3427 2481 3493 aliud,
2519 3444 2708 3499 quam

380 3493 536 3548 inter
593 3507 780 3560 reges.
801 3488 853 3519 ‘⁶'
960 3489 1279 3546 Concilium
1337 3491 1488 3544 enim
1558 3495 1626 3557 (a
1681 3492 2031 3559 conciendo)
2100 3493 2289 3572 quivis
2353 3503 2440 3549 est
2497 3504 2708 3550 coetus

371 3565 750 3624 convocatus,
796 3557 1100 3619 consilium
1142 3575 1279 3612 vero
1329 3563 1394 3626 (a
1428 3557 1824 3628 consulendo)
1873 3580 1989 3614 non
2026 3560 2133 3615 nist
2170 3563 2614 3617 consultantium
2659 3580 2710 3617 S.

377 3625 813 3686 deliberantium
848 3636 1180 3681 conventus.
1247 3626 1330 3680 Cf.
1370 3627 1442 3680 de
1468 3627 1578 3681 hoc
1608 3627 1931 3683 discrimine
1955 3630 2200 3683 Gronov.
2233 3628 2305 3682 ad
2333 3629 2463 3685 Liv.
2489 3631 2711 3711 XLIV,

380 3705 449 3767 2,
487 3700 538 3750 5.
593 3694 855 3749 Oudend.
905 3696 977 3748 ad
1019 3694 1175 3749 Caes.
1211 3696 1275 3749 Β.
1315 3698 1380 3748 G.
1414 3697 1501 3761 V,
1543 3697 1631 3748 48.
1682 3698 1898 3752 Ernest.
1950 3695 2107 3750 Clav.
2157 3695 2298 3750 Cic.·
2324 3715 2368 3752 s.
2408 3716 2468 3752 v.
2503 3701 2715 3752 Brenn

369 3776 436 3820 -et
468 3763 688 3819 Daehn.
725 3762 795 3815 ad
830 3765 970 3833 Nep.
1009 3766 1205 3831 Epam.
1232 3768 1299 3831 3,
1334 3768 1385 3817 5.
1424 3767 1670 3834 Herzog.
1705 3766 1776 3818 ad
1814 3764 1973 3835 Caes.
2006 3767 2071 3817 B.
2106 3765 2172 3816 G.
2200 3768 2249 3832 I,
2287 3769 2371 3821 18.
2408 3766 2592 3820 Kritz.
2637 3767 2722 3821 ad

381 3836 516 3890 Sall.
555 3833 673 3885 Cat.
700 3829 798 3896 42,
850 3836 903 3884 2.
952 3841 1010 3885 et
1056 3834 1173 3901 lug.
1207 3835 1308 3898 20,
1342 3833 1393 3886 5.
1448 3832 1698 3885 Beneck.
1744 3832 1815 3887 ad
1863 3832 2057 3887 lustin.
2087 3835 2196 3901 lx,
2234 3835 2296 3901 5,
2348 3840 2404 3887 2.
2457 3835 2574 3888 alii.
2634 3866 2716 3878 —

380 3906 469 3959 89.
504 3898 790 3956 Schirach.
843 3915 900 3968 p.
924 3899 1045 3953 425.
1092 3917 1341 3954 nomen
1376 3903 1750 3982 decusque
1813 3918 1916 3972 per
1946 3900 1996 3955 ἐν
2028 3903 2108 3954 διὰ
2143 3903 2270 3955 δυοῖν
2303 3920 2408 3972 pro
2442 3903 2720 3959 nominis

381 3970 585 4023 decore
623 3966 866 4038 positum
892 3976 1102 4040 censet.
1167 3969 1421 4036 Rectius,
1461 3967 1569 4022 nisi
1606 3971 1805 4036 lallor,
1837 3985 2039 4025 nmen
2062 3969 2129 4023 ad
2161 3969 2399 4038 famam,
2436 3973 2718 4043 gloriam.

381 4037 560 4091 decus
594 4036 663 4089 ad
699 4035 1112 4102 auctoritatem,
1150 4036 1507 4108 dignitatem,
1546 4037 1818 4092 honorem
1842 4037 2132 4103 retuleris3
2170 4038 2241 4092 ita
2272 4048 2335 4092 ut
2359 4057 2567 4094 sensus
2596 4040 2718 4095 sit:

382 4103 520 4159 dum
554 4106 879 4158 Palamedes
914 4104 1234 4161 auctoritate
1280 4102 1545 4168 florebat,
1594 4122 1700 4176 ego
1749 4116 1977 4176 quoque
2022 4112 2247 4175 propter
2296 4107 2739 4178 cognationem·

381 4171 454 4226 ali
499 4189 573 4226 uo
610 4171 826 4226 honore
861 4182 917 4226 et
940 4172 1117 4242 gloria
1147 4172 1372 4242 gavisus
1408 4190 1554 4226 sum.
1581 4204 1650 4217 -
1734 4190 1946 4228 erere
1984 4173 2262 4228 interdum
2292 4175 2332 4228 i.
2364 4193 2425 4257 q.
2460 4173 2723 4230 habere.

380 4189 519 4294 vid.
565 4238 637 4292 ad
677 4240 878 4320 ‘3⁶:³12
917 4246 1033 4294 122.
1071 4271 1142 4283 --
1204 4243 1455 4297 90--932
1489 4189 1853 4308 „Peflax
1898 4241 2090 4296 Ulixes
2139 4243 2475 4316 exquisitius
2569 4262 2727 4303 uam

364 4306 626 4377 fallax,
663 4324 761 4379 qul
797 4325 859 4361 m
887 4307 1137 4367 fraudem
1163 4308 1393 4379 pellicit.
1463 4311 1560 4364 Est
1581 4311 1811 4364 Homer.
1837 4308 2132 4376 πολύμητις·
2166 4309 2536 4378 «candefieri-rm.
2568 4313 2584 4340 ‘
2616 4312 2723 4368 H.

383 4373 611 4433 Pella-x·
639 4390 919 4498 nuslquam
957 4388 1238 4446 praeterea
1275 4376 1387 4460 legi
1424 4377 1677 4445 ridetur,
1715 4377 1824 4432 nisi
1858 4378 2012 4448 apud.
2051 4378 2266 4433 Auson.
2305 4383 2353 4433 Ε
2395 4381 2453 4432 it.
2478 4384 2621 4446 xlx,
2667 4381 2715 4435 4

379 4448 616 4549 (capim
637 4441 747 4514 pol
765 4441 890 4499 acis
915 4444 1279 4504 Lam-aedae
1302 4444 1554 4511 insidiis)
1591 4455 1648 4501 et
1666 4445 1986 4502 Arnobium
2021 4463 2076 4517 p.
2102 4449 2190 4505 58.
2218 4398 2470 4520 (Pela-2·
2497 4420 2733 4519 bomo).

2506 4516 2519 4526 ·
2575 4507 2579 4515 ι
