2870 4981
300 378 307 383 ,
378 288 468 376 3ό
1084 302 1179 370 r.
1214 298 1551 370 metm
1594 297 1965 387 maome

383 497 613 581 Quidve
654 494 856 559 dolens
893 491 1107 576 regina
1151 493 1327 597 «lenm
1367 500 1466 553 tot·
1494 444 1730 555 'volvere
1766 507 1947 552 casus
2021 538 2030 551 .

424 701 537 757 uod
572 717 742 774 quam
778 694 1055 753 absonum
1091 692 1193 761 sit,
1244 709 1363 746 non
1397 698 1483 746 est
1515 707 1617 744 cur
1653 689 1904 745 doceam.
1971 689 2088 741 Neo
2118 686 2299 759 magis
2332 688 2687 760 probabiliter

431 788 575 825 urm.
625 785 754 823 cum
806 768 1146 818 Heumanno
1193 760 1439 831 (Poecil.
1489 761 1711 812 Vol.11.
1766 774 1823 836 p.
1854 758 2002 821 578.)
2051 757 2333 827 explicat:
2381 777 2491 831 qua
2542 775 2687 830 parte

376 837 665 912 potentiae
705 834 826 889 eius
874 834 1056 897 laesa3
1105 839 1197 898 ut,
1249 846 1426 901 quum
1461 831 1600 879 Iuno
1645 824 1904 896 pluribus
1936 823 2108 879 rebus
2145 826 2484 895 praesideat,
2532 832 2687 897 potita

379 927 447 962 ro
488 915 572 972 et,
625 904 686 957 in
725 917 896 976 quam
947 899 1068 954 eius
1103 897 1252 964 vim,
1301 893 1641 966 potentiam,
1698 892 2045 946 divinitatem
2095 893 2319 947 Aeneas
2364 899 2685 964 peccaverit,

476 1012 505 1038 ,.
544 988 792 1038 numu,
843 968 915 1021 ad
947 968 1128 1037 ipsam
1176 969 1450 1018 Iunonem
1486 965 1752 1028 relatum,
1796 960 1869 1012 de
1904 960 2178 1027 consilio,
2227 963 2514 1016 voluntate
2555 967 2687 1020 deae

380 1040 673 1109 intelligit,
713 1047 768 1092 et
798 1033 975 1091 verba
1009 1034 1084 1098 ita
1119 1033 1318 1089 solvit:
1375 1032 1530 1103 quod
1567 1047 1781 1083 numen
1812 1029 2043 1082 Iunonis
2079 1031 2295 1083 laesum
2335 1030 2433 1093 sit,
2484 1033 2686 1105 quidve

382 1108 631 1165 doluerit
660 1111 794 1172 dea,
831 1112 895 1157 ut
918 1112 1056 1169 etc„
1097 1101 1203 1155 hac
1231 1098 1419 1153 addita
1454 1097 1858 1169 explicatione:
1902 1112 2112 1150 numen
2145 1106 2230 1151 est
2262 1095 2516 1167 laesum,
2554 1102 2609 1153 h.
2640 1120 2686 1157 e.

378 1175 685 1232 consilium
712 1174 882 1239 deae,
918 1169 977 1223 id
1006 1171 1158 1247 quod
1184 1165 1536 1236 concupivit,
1566 1166 1635 1218 ad
1667 1163 1886 1218 irritum
1910 1163 2132 1217 cecidit.
2192 1163 2467 1234 cupiebat
2489 1178 2684 1237 autem,

384 1241 708 1313 Carthagini
755 1238 1052 1310 imperium
1102 1236 1256 1291 orbis
1306 1244 1576 1288 terrarum
1624 1249 1846 1303 parare3
1909 1249 2053 1352 Ἕως
2100 1242 2286 1301 optata
2334 1249 2436 1301 pe,-
2472 1236 2688 1292 Aeneae

383 1322 639 1384 posteros
687 1308 837 1362 irrita
886 1308 1006 1360 sore
1053 1304 1296 1360 sciebat:
1350 1300 1554 1355 dolens
1599 1300 1775 1371 magis
1814 1300 1885 1354 ad
1967 1299 2178 1353 aridem
2202 1309 2272 1353 ‘et
2309 1302 2689 1370 Ganymedem

383 1387 613 1451 Spectat·
655 1376 771 1436 lV.
839 1377 1022 1445 Quam
1057 1376 1241 1427 locum
1278 1368 1539 1438 capiendi
1578 1369 1878 1435 rationem,
1915 1379 2200 1441 tamquam
2224 1368 2689 1437 simplicissimam

388 1465 497 1519 ego
545 1446 701 1498 iuxta
754 1459 881 1496 cum
920 1444 1154 1495 Grasero
1197 1436 1430 1511 reliquis
1466 1435 1731 1491 omnibus
1767 1437 2132 1505 praeferrem,
2183 1438 2356 1490 modo
2394 1439 2555 1494 certis
2591 1458 2691 1494 ex·—

384 1514 590 1585 emplis
624 1509 991 1565 demonstrari
1026 1516 1245 1578 posset,
1296 1521 1423 1560 voc.
1472 1503 1723 1559 numinis
1756 1521 1891 1556 vere
1935 1501 2145 1556 habere
2180 1521 2333 1570 eam,
2390 1523 2561 1577 qnam
2597 1511 2688 1563 w„

384 1582 604 1647 statuit,
630 1578 1115 1660 significationem.
1177 1578 1464 1648 Nusquam
1493 1590 1629 1626 vero
1654 1571 1888 1624 memini
1914 1589 2006 1625 me
2028 1570 2230 1641 legisse
2252 1588 2462 1626 numen
2488 1576 2558 1627 de
2581 1595 2689 1631 uno

304 1668 309 1671 ,
384 1651 577 1722 aliquo
616 1649 709 1701 det
746 1645 1039 1700 cuiusdam
1074 1643 1311 1697 consilio
1347 1643 1438 1694 vel
1478 1649 1613 1694 voto
1644 1649 2003 1708 usurpatum,
2049 1649 2103 1690 et
2140 1656 2336 1693 omnes
2373 1641 2515 1709 loci,
2554 1662 2691 1716 qnos

343 1770 349 1775 ,
387 1719 620 1771 fortasse
655 1716 768 1768 huc
805 1714 987 1765 lacere
1024 1712 1281 1774 censeas,
1324 1719 1386 1762 ut
1411 1709 1558 1760 Aen.
1586 1711 1637 1772 1,
1676 1711 1791 1759 137.
1827 1710 1904 1774 11,
1935 1707 2053 1760 123.
2083 1711 2202 1760 703.
2242 1708 2342 1775 VI,
2371 1709 2493 1763 266.
2529 1712 2688 1766 Ovid.

385 1787 459 1840 A.
496 1786 565 1837 A.
592 1787 646 1851 1,
682 1786 803 1835 203.
859 1780 976 1833 Cic.
1007 1778 1221 1844 Div.1,
1260 1781 1355 1844 53,
1391 1780 1507 1828 120.
1555 1777 1694 1844 Nep.
1728 1775 1899 1844 Ages.
1923 1780 1978 1827 2.
2014 1783 2069 1829 et
2103 1774 2348 1842 similes,
2386 1777 2531 1832 alius
2568 1789 2694 1834 gunt

335 1886 341 1891 -
387 1852 645 1926 generis,
712 1865 889 1922 quum
939 1847 1318 1912 maiestatem,
1381 1843 1719 1913 potentiam,
1779 1845 2126 1896 voluntatem
2169 1844 2412 1898 deorum
2463 1848 2688 1902 omnino

386 1920 728 1974 siuuificent:
800 1916 962 1985 Quod
1016 1923 1200 1967 aunem
1254 1921 1536 1984 praeterea
1585 1910 1735 1969 Wr.
1789 1908 1850 1962 in
1901 1911 2075 1980 Epist.
2125 1911 2221 1963 illa
2274 1929 2330 1982 p.
2360 1918 2480 1980 22„
2529 1914 2691 1971 nimis

386 1965 675 2041 iasstidiose
709 1985 780 2037 de
828 1980 1245 2037 Wunderlichii
1281 1981 1428 2034 inter
1469 1976 2058 2038 retationeviudicans.
2107 1980 2372 2049 opponit:
2436 1982 2693 2048 „deinde

372 2056 600 2110 ‘fallitur
631 2056 729 2106 W.
747 2091 763 2120 ,
799 2052 954 2124 quod
983 2047 1157 2104 verba
1189 2065 1397 2102 numen
1453 2063 1650 2100 assum
1679 2045 1750 2097 ad
1778 2046 1995 2099 cladem
2021 2038 2340 2118 Carthagini
2376 2065 2410 2102 a
2434 2051 2693 2107 Romanis

386 2111 812 2193 impendentem
851 2127 1101 2189 spectare
1134 2115 1554 2188 putat;,quod,
1606 2130 1784 2186 quum
1819 2113 1922 2181 sit,
1960 2122 2023 2166 ut
2058 2114 2153 2167 lcti
2183 2116 2528 2189 loquuntur,
2566 2135 2691 2191 gra-

383 2208 594 2247 vamen
636 2191 707 2242 de
752 2189 974 2253 futuro,
1020 2203 1138 2239 non
1171 2184 1272 2237 illo
1306 2184 1417 2236 iam
1458 2191 1955 2251 tempore.numen
1994 2181 2225 2237 lunonis
2270 2200 2336 2236 ea
2385 2202 2448 2238 re
2484 2188 2693 2242 laesum

385 2275 514 2314 esse
599 2265 804 2321 oterat3
856 2254 1103 2307 futurum
1139 2259 1301 2318 erat,
1338 2261 1399 2304 nt
1430 2249 1775 2314 laederetur3
1825 2248 2071 2322 denique
2119 2247 2320 2304 dolens
2356 2252 2591 2308 minime
2624 2257 2694 2310 ad

386 2342 458 2382 ea
491 2343 552 2379 re
573 2327 697 2378 'erre
723 2324 884 2387 licet,
921 2337 1067 2395 quae
1101 2320 1245 2373 infra
1280 2319 1353 2372 de
1381 2318 1579 2371 Paride
1614 2326 1669 2369 et
1691 2318 2017 2384 Ganymede
2050 2319 2340 2389 leguntur-3
2375 2320 2523 2375 hanc
2546 2323 2694 2377 enim

385 2411 612 2450 cattsam
643 2392 909 2460 particula
945 2387 1116 2443 etiam
1151 2404 1204 2440 r.
1230 2390 1316 2441 25.
1350 2396 1540 2456 aperte
1570 2384 1812 2439 ostendit
1840 2401 1957 2439 non
1990 2383 2100 2438 iam
2127 2386 2417 2455 superiore
2449 2390 2695 2446 oratione
2771 2430 2776 2447 η.
2833 2414 2834 2423 ¹

380 2459 881 2531 comprehensam,
920 2456 1017 2512 sed
1048 2458 1212 2526 plane
1243 2472 1448 2509 novam
1475 2454 1770 2519 accedere,
1791 2450 1829 2479 “
1864 2451 1971 2506 hoc
1996 2454 2283 2526 quomodo
2313 2456 2448 2510 Viro
2476 2458 2693 2515 doctiss.

384 2529 652 2586 excidere
684 2525 954 2597 potuerit,
987 2523 1252 2597 equidem
1283 2540 1399 2575 non
1425 2520 1724 2601 perspicio.
1794 2522 2065 2590 Apertum
2097 2531 2180 2575 est
2209 2522 2389 2590 enim,
2467 2528 2576 2579 uod
2604 2528 2697 2581 hic
2756 2535 2759 2542 ⁴

388 2597 585 2670 paucis
617 2596 788 2648 modo
825 2590 1014 2647 verbis
1043 2591 1319 2659 significat
1345 2593 1510 2659 poe'ta
1534 2605 1650 2661 quo
1672 2587 1903 2642 numine
1937 2586 2096 2642 laeso
2120 2588 2328 2662 quidve
2361 2595 2441 2646 do
2467 2611 2597 2663 ens,
2637 2596 2695 2650 id

303 2674 306 2677 ,
386 2683 524 2720 eum
553 2663 610 2716 3„
630 2680 791 2741 seqq,
813 2678 913 2730 pe.-
933 2668 1116 2728 partes
1144 2658 1334 2711 eundo
1354 2656 1661 2710 accuratius
1685 2655 1932 2709 indicare
1947 2694 1962 2721 ,
2002 2665 2227 2729 tresque
2249 2661 2484 2715 omnino
2507 2679 2696 2718 causas

387 2734 506 2789 irae
529 2741 583 2784 et
601 2731 810 2784 doloris
829 2726 1058 2781 lunonis
1078 2742 1419 2795 proponere,
1444 2721 2148 2795 periculumssarthaginis,
2178 2725 2388 2781 Paridis
2409 2729 2693 2799 iudicium,

391 2797 736 2865 Ganymedis
769 2806 986 2866 raptum
1008 2834 1023 2860 ,
1058 2802 1120 2846 ut
1153 2792 1265 2846 iam
1300 2810 1370 2846 ex
1400 2809 1457 2845 V.
1485 2796 1569 2847 ⁴29.
1618 2790 1738 2845 His
1770 2808 2013 2846 accensu
2045 2809 2223 2860 supet·
2254 2806 2512 2865 apparet,
2593 2813 2697 2852 uae

373 2867 566 2925 qen-ba
600 2865 768 2918 etiam
792 2867 862 2918 ad
891 2872 1099 2917 metum
1132 2878 1188 2914 v-
1214 2865 1301 2914 23.
1329 2859 1699 2930 significatum
1728 2859 2008 2928 pertinere
2034 2858 2093 2911 in
2121 2872 2342 2928 promtu
2374 2875 2476 2918 est.
2597 2884 2697 2919 uae

374 2953 569 3010 ¹quum
607 2934 679 2987 ita
710 2933 848 2990 sint.
884 2929 994 2985 nisi
1029 2931 1098 2983 ad
1134 2929 1482 2983 coniecturas
1516 2926 2114 2998 confugererelimus,
2156 2929 2337 2999 qualis
2369 2941 2455 2986 est
2482 2932 2697 2987 Cau-oet

391 3021 510 3080 quo
551 2999 776 3058 nomine
818 2999 981 3055 laesa
993 3037 1015 3066 ,
1080 2996 1222 3051 nihil
1285 3014 1420 3051 sane
1485 2996 1708 3049 videtur
1774 3011 2094 3063 ειῐΡθΥέδΰθ,
2157 2995 2265 3049 ”lsi
2322 3007 2387 3051 ¹¹1
2431 3000 2699 3071 W'agflffl'i

387 3071 662 3127 rationem
711 3071 1139 3138 amplectamur,
1190 3067 1380 3133 paullo
1418 3062 1792 3117 difficiliorem
1828 3062 1984 3115 illam
2022 3061 2256 3134 quidem
2297 3074 2354 3118 et
2387 3084 2419 3119 a
2467 3070 2697 3130 Grasero

389 3138 590 3194 acriter
613 3154 761 3207 oppu
806 3144 1018 3201 natam,
1053 3135 1152 3188 sed
1183 3132 1553 3185 nihilominus
1582 3131 1863 3197 omnium,
1890 3147 2035 3202 quae
2063 3129 2251 3185 adhuc
2278 3136 2525 3201 prolatae
2551 3146 2696 3203 sunt,

388 3205 638 3262 maxime
674 3221 774 3273 pro
819 3197 1046 3271 abilefnx.
1116 3200 1225 3254 Hic
1262 3201 1415 3254 enim
1444 3200 1565 3254 Vir.
1591 3200 1739 3253 doct.
1809 3215 1944 3251 uum
1987 3198 2049 3251 in
2087 3198 2222 3252 edit.
2249 3217 2348 3253 sua
2384 3219 2700 3272 pronomen

388 3278 550 3330 relat.
587 3289 705 3325 non
738 3288 863 3325 raro
900 3270 972 3323 ita
1006 3269 1138 3340 poni
1166 3268 1547 3333 contenderit,
1583 3276 1642 3320 ut
1676 3284 1768 3321 mo
1815 3284 1941 3332 um,
1980 3284 2096 3338 quo
2123 3267 2259 3339 quid
2290 3267 2415 3337 fiat,
2456 3272 2698 3326 similes-

388 3360 505 3416 que
529 3340 786 3395 notiones
817 3338 1099 3402 includat,
1134 3337 1242 3390 hoc
1274 3336 1332 3389 in
1362 3336 1536 3405 Epist.
1576 3336 1729 3388 laud.
1763 3353 1819 3404 p.
1847 3339 1933 3387 23.
1983 3335 2291 3389 accuratius
2315 3337 2397 3391 sic
2426 3339 2697 3409 explicat:

336 3407 339 3410 ,
391 3408 666 3479 „namur
703 3416 887 3459 amem
922 3408 1015 3458 vel
1052 3402 1146 3456 „bi
1186 3413 1373 3483 aperte
1410 3420 1712 3474 negamus,
1750 3403 1843 3456 vel
1874 3399 1976 3454 ubi
2010 3400 2105 3468 id,
2151 3404 2303 3475 quod
2346 3407 2697 3474 audivimus,

285 3524 292 3531 .
375 3477 597 3540 ,mirum
638 3491 760 3528 esse
794 3482 849 3526 et
884 3471 983 3524 vix
1016 3469 1287 3525 credibile
1323 3471 1732 3541 significamus,
1782 3469 2115 3551 pronomine
2151 3470 2249 3524 illo
2284 3490 2453 3543 saepe
2488 3475 2591 3542 ita,
2640 3484 2699 3529 ut

393 3564 511 3601 non
547 3544 685 3597 illud
724 3556 1088 3614 quaeramus,
1126 3541 1284 3609 plura
1312 3556 1488 3611 quum
1522 3538 1662 3603 sint,
1704 3539 1841 3612 quid
1880 3555 1949 3591 ex
1980 3537 2069 3591 his
2105 3539 2458 3608 potissimum
2491 3541 2699 3596 intelli-

392 3613 641 3693 gendum
687 3609 788 3677 sit,
842 3608 943 3662 sed
980 3616 1044 3659 ut
1078 3609 1170 3661 vel
1206 3621 1324 3660 non
1362 3606 1703 3677 intelligere,
1752 3608 1847 3660 vel
1877 3604 2189 3677 indignari,
2241 3610 2334 3660 vel
2369 3610 2563 3664 mirari
2598 3628 2701 3666 nos

392 3681 742 3746 iudicemus,
793 3675 1081 3758 quomodo
1132 3673 1260 3747 quis
1308 3678 1649 3727 contendere
1701 3674 1877 3744 possit
1925 3673 2267 3747 illud,‘quo
2318 3688 2531 3758 spectet
2581 3678 2701 3733 eius

392 3748 589 3803 oratio.
659 3749 729 3800 Ut
774 3763 821 3800 st
869 3741 995 3816 quis
1039 3743 1275 3795 alterum
1312 3741 1554 3811 arguerit
1600 3752 1804 3795 certam
1850 3742 2150 3814 quamdam
2196 3741 2455 3800 iniuriam
2504 3746 2701 3801 secisse

390 3815 668 3884 cuipiam,
708 3813 912 3883 poterit
944 3810 1023 3878 is,
1064 3810 1163 3893 qui
1190 3809 1264 3864 ita
1298 3809 1649 3864 insimulatus
1683 3807 1875 3875 suerit,
1909 3809 2250 3880 respondere
2271 3827 2298 3863 ε·
2335 3814 2558 3884 „Quam
2596 3813 2701 3868 feci

393 3881 657 3938 inimum,
675 3884 741 3935 pa
777 3900 892 3936 non
928 3895 1044 3953 quo
1083 3895 1266 3948 ipsum
1305 3894 1482 3948 genus
1518 3876 1755 3931 iniuriae
1798 3881 1964 3960 quale
2001 3878 2074 3933 sit
2115 3878 2404 3951 exquirat,
2443 3883 2543 3934 sed
2585 3900 2700 3953 quo
2761 3889 2764 3894 '

393 3959 574 4003 totum
611 3950 748 4003 illud
787 3956 988 4022 neget,
1028 3946 1194 4001 :hano
1241 3963 1273 3997 a
1306 3961 1369 3998 se
1403 3947 1625 3998 allatam
1662 3963 1785 4000 esse
1821 3945 2112 4012 iniuriam3
2149 3946 2302 3999 unde
2337 3946 2477 4001 haec
2513 3949 2703 4003 existit

390 4018 700 4072 sententia:
742 4015 1101 4091 ,‚quomodo,
1139 4028 1185 4065 s.
1221 4029 1337 4083 quo
1374 4011 1495 4065 iure
1535 4022 1692 4081 potes
1718 4014 2088 4078 contendere,
2125 4013 2269 4066 hanc
2302 4032 2332 4067 a
2370 4032 2463 4069 me
2497 4016 2701 4071 factam

396 4101 521 4137 esse
565 4084 867 4139 iniuriam?
924 4101 969 4138 s·
1023 4084 1312 4154 quomodo
1360 4080 1587 4132 tandem
1626 4093 1677 4135 te
1717 4079 1946 4133 laesi?“
1979 4107 2014 4119 -
2048 4108 2081 4119 ·-
2118 4109 2149 4118 -
2195 4083 2309 4134 Iam
2345 4100 2526 4156 quum
2561 4086 2692 4137 Vir-

396 4151 563 4223 gilius
597 4152 848 4207 Aeneam
886 4152 957 4205 ab
992 4154 1204 4203 lunone
1240 4146 1505 4219 agitatum
1540 4146 1745 4218 fingat,
1785 4162 2014 4199 necesse
2049 4145 2228 4199 videri
2266 4160 2508 4218 poterat,
2556 4151 2704 4205 hanc

390 4218 470 4271 ab
512 4218 610 4271 illo
646 4236 768 4274 esse
804 4224 1030 4273 laesam.
1099 4219 1279 4287 Quam
1314 4215 1484 4296 igitur
1517 4214 1612 4268 ille
1648 4219 1922 4268 lunonem
1954 4214 2156 4269 laesit?
2203 4216 2416 4272 scilicet
2446 4223 2701 4282 nullamz

396 4286 471 4339 ita
520 4287 674 4340 enirn
717 4289 1024 4359 loquuntur
1069 4284 1283 4349 Latiui3
1332 4303 1372 4337 ι.
1427 4301 1476 4335 e.
1527 4301 1641 4355 quo
1689 4281 1914 4335 tandem
1966 4283 2138 4337 modo
2189 4284 2348 4338 laesit
2381 4286 2702 4340 Iunonem?

392 4370 604 4422 nempe
639 4357 814 4407 nullo.
883 4357 1027 4423 Ergo
1062 4371 1240 4435 quum
1276 4352 1546 4423 Virgilius
1579 4348 1801 4415 scribit,
1843 4366 1958 4422 quo
1988 4350 2219 4404 nuntiae
2251 4349 2408 4405 laeso
2442 4351 2702 4423 impulit,
2751 4381 2766 4394 μ

395 4425 517 4477 zton
545 4421 686 4476 illud
712 4421 963 4495 quaerit,
997 4422 1133 4496 quid
1156 4419 1511 4492 potissimum
1537 4418 1725 4474 lecerit
1749 4418 1970 4474 Aeneas
1985 4455 2005 4488 ‚
2039 4436 2156 4491 quo
2179 4419 2402 4476 laeserit
2419 4421 2707 4528 Quaem

2085 4557 2116 4580 s·
2379 4533 2412 4580 s

2191 4579 2200 4586 .
2237 4587 2272 4620 N
2367 4585 2376 4602 f

2287 4611 2360 4658 «η’
