2870 4981
336 298 426 407 24
832 369 839 373 ,
1002 257 1007 263 ’
1067 298 1141 375 1,»,
1181 297 1520 367 uncum
1562 296 1934 374 mttoms
1983 278 1990 281 *

337 487 474 554 me
513 511 631 571 ego
645 532 672 568 ,
713 485 831 572 qui
865 483 1184 573 qnondam
1222 485 1471 570 gracili
1507 484 1874 553 modulatus
1914 500 2123 555 avena

316 574 661 651 ‘Cumaeam
700 586 769 638 et
782 618 809 651 ,
857 596 1144 657 egressus
1183 573 1400 651 silvis,
1441 574 1655 638 vicina
1701 574 1933 659 coegi,

482 760 731 830 Qnatuor
756 757 882 812 illos
905 774 1133 825 versus,
1159 774 1330 832 quos,
1359 753 1569 827 Heynii
1596 758 1920 829 exemplum
1945 755 2152 826 secuti,
2177 768 2441 832 typorum
2468 758 2669 817 diver-

342 823 503 880 sitate
533 825 604 878 ab
630 826 867 898 reliquis
893 826 1282 894 distinximus,
1322 823 1435 879 Ille
1460 842 1564 896 ego
1584 856 1651 867 —
1676 857 1745 868 —
1770 824 2073 881 horrentia
2097 826 2357 897 Martis,
2395 846 2512 884 non
2540 847 2669 885 esse

290 954 293 961 ,
345 892 600 965 Virgilii,
655 895 753 949 sed
792 911 822 946 a
861 893 1235 951 Grammatico
1278 893 1470 966 aliquo
1504 902 1755 962 assutos,
1789 894 2055 960 'Heinsib
2103 896 2413 953 Burmanni
2450 898 2678 953 utrius-,r

387 980 459 1014 ue
495 963 639 1029 (vid.
675 962 912 1016 Miscell.
943 959 1109 1015 Obss.
1140 963 1263 1016 Vol.
1296 962 1383 1014 v1.
1431 965 1501 1014 Τ.
1532 963 1619 1013 Ill.
1658 979 1713 1030 p.
1746 966 1866 1032 523.
1904 972 1959 1016 et
1990 963 2167 1015 Praes.
2210 965 2253 1016 V
2259 962 2359 1034 irg.
2397 964 2504 1019 sub
2538 965 2667 1031 fin.)

344 978 669 1083 §leumanni
721 1020 965 1096 (Poec'il.
1003 1033 1072 1081 Τ.
1104 1028 1168 1082 ΙΙ.
1203 1047 1261 1099 p.
1290 1029 1449 1092 378.)
1498 1029 1816 1083 Marklandi
1853 1033 1958 1097 (ad
1998 1031 2129 1083 stat.
2163 1031 2304 1085 Silv.
2341 1033 2422 1101 V,
2459 1037 2529 1100 3,
2564 1037 2665 1100 8.)

344 1096 557 1164 Heynii
581 1137 595 1164 ,
645 1097 953 1167 Schirac'hii
993 1096 1186 1162 (clav.
1229 1097 1379 1169 Virg.
1417 1113 1473 1164 p.
1501 1096 1681 1163 426.)
1716 1098 1935 1152 Graseri
1974 1097 2079 1167 (in
2115 1098 2371 1153 Censura·
2399 1101 2673 1161 editionis

344 1165 650 1236 Wagner.,
690 1166 927 1235 Ephern.
961 1164 1045 1217 lit.
1073 1166 1202 1221 Hal.
1232 1183 1281 1217 a.
1316 1169 1464 1220 1835.
1493 1165 1583 1217 ch.
1615 1168 1730 1219 185.
1764 1173 1829 1234 p.
1850 1170 1969 1219 257.
1998 1184 2023 1221 s
2070 1204 2085 1217 .
2125 1166 2355 1232 inserta)
2393 1167 2672 1222 aliorum-

350 1249 464 1304 que
501 1242 584 1287 est
619 1234 927 1299 sententia,
965 1231 1063 1304 qui
1104 1250 1232 1289 eos.
1282 1231 1354 1286 ab
1391 1233 1606 1304 aliquot
1642 1251 1778 1287 sane
1812 1233 1992 1288 Codd.
2079 1235 2220 1287 inter
2255 1236 2672 1308 quosMedic.)

349 1299 619 1366 omissos,
674 1310 726 1354 et
770 1301 984 1372 Virgilii
1036 1301 1266 1371 ingenio
1318 1301 1584 1380 indignos
1631 1318 1753 1354 esse
1801 1311 1856 1355 et
1906 1302 2049 1372 epici
2097 1302 2359 1358 carminis
2411 1304 2674 1374 grauitati

347 1367 633 1422 adversari
659 1378 908 1422 censent.
945 1369 1054 1422 Sed
1081 1372 1344 1439 leguntur
1371 1369 1454 1422 illi
1487 1367 1542 1420 in
1567 1371 1748 1435 Rom.‚
1775 1370 1946 1422 Falat.
1973 1369 2209 1442 aliisque
2231 1369 2391 1426 libris
2417 1371 2675 1427 melioris

348 1444 550 1501 notae,
598 1453 662 1490 ac
699 1437 1081 1489 defenduntur
1118 1445 1173 1489 et
1210 1436 1414 1491 Donati
1457 1435 1587 1504 (vit.
1626 1437 1782 1517 Virg.
1819 1439 1861 1505 ᾗ.
1890 1438 2003 1502 60.)
2040 1447 2096 1490 et
2132 1438 2314 1491 Servii
2354 1439 2557 1506 (Praes.
2599 1440 2677 1493 ad

348 1502 544 1569 Aen.)
577 1505 930 1571 auctoritate,
964 1504 1136 1557 iidem
1168 1522 1269 1574 per
1299 1523 1361 1559 se
1393 1504 1623 1572 spectati
1654 1515 1785 1558 satis
1814 1504 1945 1559 tersi
1969 1515 2101 1559 sunt
2131 1515 2186 1558 et
2212 1507 2523 1576 elegantes,
2559 1523 2675 1562 nec

350 1570 662 1652 quidquam
693 1573 1012 1639 continent,
1042 1575 1193 1644 quod
1228 1591 1343 1626 non
1366 1572 1732 1643 virgilianum
1757 1572 1972 1626 censeri
1992 1573 2183 1639 liceat,
2213 1573 2270 1626 id
2302 1575 2454 1646 quod
2482 1575 2677 1630 statim

348 1643 571 1710 singula
623 1643 1022 1710 perlustrantes
1072 1638 1421 1709 videbimus,
1475 1639 1822 1713 omninoque
1857 1641 1936 1694 ita
1980 1651 2111 1694 sunt
2145 1641 2480 1711 comparati,
2507 1652 2605 1697 ‘ut
2641 1660 2679 1697 a

351 1725 466 1780 quo
504 1717 559 1761 et
595 1710 823 1780 quando
852 1708 984 1761 addi
1022 1708 1338 1777 potuerint,
1378 1724 1547 1760 nemo
1583 1706 1746 1759 facile
1782 1708 2154 1774 divinaverit3
2233 1726 2364 1762 nare
2399 1709 2679 1765 euidem

350 1791 480 1828 cum
516 1777 662 1845 Aug.
691 1775 1020 1837 VVeicherto
1056 1775 1171 1843 (de
1196 1775 1356 1835 Lucii
1381 1774 1540 1827 Varii
1566 1784 1620 1829 et
1646 1774 1823 1828 Cassii
1847 1777 2159 1832 Parmensis
2242 1776 2315 1829 ita
2340 1786 2402 1830 et.
2471 1790 2677 1833 armni.

353 1842 636 1896 Grimmae
678 1845 828 1896 1836.
865 1860 921 1910 p.
953 1844 1041 1898 69.
1081 1852 1195 1895 not.
1225 1844 1351 1904 61.)
1389 1842 1673 1895 adsentior
1705 1844 2022 1914 Wagnero,
2074 1843 2173 1916 qui
2207 1854 2263 1897 et
2298 1843 2360 1898 in
2394 1844 2528 1898 edit.
2562 1854 2698 1900 sua·

353 1919 412 1964 et
456 1929 532 1962 nu
579 1928 639 1962 er
688 1909 748 1962 in
788 1910 963 1980 Epist.
1011 1911 1079 1962 ad
1119 1908 1482 1963 Groebelium
1532 1911 1690 1977 data,
1742 1928 1911 1982 quam
1944 1914 2195 1964 Dresdae
2243 1929 2293 1964 a.
2332 1916 2481 1968 1836.
2520 1913 2679 1983 typis

352 1927 783 2032 describendam
815 1978 1062 2044 curavit,
1099 1996 1154 2048 p.
1185 1981 1266 2031 18.
1293 1997 1448 2050 sqq.,
1488 1977 1828 2048 argumentis
1854 1978 1982 2032 satis
2008 1977 2397 2053 probabilibus
2426 1981 2682 2035 demon-

352 2056 528 2101 strare
560 2055 822 2112 conatur,
876 2046 979 2100 hos
1025 2062 1220 2099 versus
1258 2046 1499 2115 Virgilio
1536 2064 1653 2098 non
1688 2063 1810 2100 esse
1846 2044 2268 2101 abiudicandos.
2339 2047 2447 2119 Qui
2482 2057 2684 2103 tamen.

353 2114 461 2168 Vir
501 2114 726 2168 doctiss,
775 2131 950 2186 quum
985 2114 1045 2166 in
1087 2114 1330 2182 Epistola
1372 2115 1495 2179 illa,
1550 2131 1668 2166 non
1703 2112 1969 2167 omnibus
2006 2125 2165 2182 nota,
2197 2116 2394 2169 'multo
2440 2117 2678 2186 rectiuS,

356 2199 526 2254 quam
555 2182 612 2234 in
658 2182 773 2249 ipsa
808 2180 1085 2248 editione,
1130 2184 1201 2233 de
1239 2182 1299 2234 h.
1333 2184 1372 2234 1.
1408 2181 1755 2241 existimasse
1789 2181 2075 2248 videatur,
2118 2200 2235 2236 non
2305 2201 2493 2237 ossum
2530 2184 2700 2257 quiu'·

355 2250 534 2319 ipsius
558 2248 728 2302 verba
760 2250 870 2300 huc
892 2248 1285 2303 transscribam
1307 2250 1473 2315 :.„Ac
1494 2250 1541 2304 si
1570 2249 1839 2320 Virgilius
1865 2249 1987 2318 ipse
2014 2249 2084 2302 ab
2110 2249 2220 2303 hoc
2286 2266 2473 2303 emum
2502 2269 2680 2306 versu

354 2318 550 2374 Arma
583 2316 883 2390 virumque
916 2334 1098 2384 cano,
1138 2327 1198 2369 ut
1233 2316 1460 2382 debuit,
1506 2334 1666 2373 orsus
1702 2329 1785 2372 est
1818 2317 2162 2385 Aeneidem,
2204 2317 2339 2391 quid
2380 2327 2559 2387 vetat,
2598 2337 2683 2374 ne

357 2387 602 2439 eundem
640 2394 843 2438 statuas
884 2385 1010 2438 illos
1056 2385 1362 2438 versiculos
1410 2385 1764 2454 praemisisse
1808 2384 1933 2437 uni
1984 2388 2100 2449 vel
2139 2385 2399 2454 paucis
2432 2404 2681 2440 exem-

356 2451 708 2527 plaribus
748 2452 915 2507 huius
949 2451 1118 2521 libri,
1170 2470 1316 2525 quae
1353 2452 1426 2507 ita
1465 2453 1660 2508 amicis
1694 2453 1968 2521 mitteret,
2018 2461 2083 2506 ut
2116 2451 2205 2508 his
2239 2453 2531 2508 versiculis
2569 2472 2681 2525 pro

350 2521 928 2590 ‘subscriptione
979 2522 1270 2575 uteretur?
1327 2522 1404 2574 At
1449 2530 1598 2574 recte
1634 2522 1908 2575 detractos
1944 2538 2066 2575 esse
2118 2538 2148 2574 a
2185 2525 2372 2575 Tucca
2404 2531 2460 2575 et
2497 2522 2681 2578 Vario

302 2599 307 2610 “
355 2600 537 2654 totum
576 2607 726 2658 ,opus
775 2590 932 2659 quasi
968 2588 1392 2643 recensentibus
1427 2606 1535 2641 uec
1580 2605 1686 2659 ego
1725 2588 1963 2660 negavi,
2015 2604 2121 2641 nec
2161 2589 2324 2642 facile
2368 2589 2682 2663 quisquam

351 2659 502 2713 alius
552 2654 797 2727 negabit.
879 2659 1018 2709 Nam
1073 2660 1322 2709 Tuccam
1372 2666 1427 2709 et
1468 2656 1699 2710 Varium
1750 2657 1806 2709 id
1848 2656 2046 2710 secisse
2098 2673 2272 2737 quum
2314 2658 2683 2713 Grammatici

363 2728 590 2793 [Donat.
629 2734 683 2777 et
721 2726 876 2777 Serv.
916 2726 977 2777 ll.
1005 2726 1111 2790 cc.]
1153 2732 1451 2791 testentur,
1488 2739 1605 2777 non
1649 2734 1763 2788 est,
1803 2724 1955 2793 quod
1993 2722 2347 2790 dubitemus,
2390 2724 2435 2778 si
2473 2743 2683 2781 verum

359 2796 589 2848 eosdem
625 2791 832 2845 referre
878 2790 1188 2857 credimus,
1285 2792 1396 2845 uod
1433 2807 1632 2846 omnes
1666 2809 1888 2859 semper
1921 2791 2312 2858 crediderunt,
2366 2792 2535 2845 etiam
2557 2810 2681 2849 ‚eos

356 2878 584 2926 versus,
624 2859 720 2933 qui
750 2859 893 2911 Aen.
920 2862 994 2925 Π,
1028 2862 1128 2913 567
1141 2811 1341 2915 „gge-
1374 2862 1662 2931 leguntur,
1700 2858 1912 2912 abillis
1943 2876 2066 2913 esse
2089 2859 2418 2913 rescissos.“
2490 2862 2681 2930 Quam

359 2929 694 2984 sententiam
716 2966 730 2993 ,
785 2926 925 2980 mihi
961 2944 1184 2997 semper
1216 2926 1509 2997 probatam
1547 2936 1602 2979 et
1631 2928 1864 2995 ,dudum
1903 2926 1963 2979 in
2010 2926 2217 2980 scholis
2253 2926 2495 2995 publicis
2536 2946 2685 2997 pro-

354 3000 557 3062 latam,
607 2996 652 3049 si
691 2998 899 3062 Wagn.
952 2995 1008 3048 in
1062 2995 1183 3064 ipsa
1232 2994 1483 3049 editione
1522 2994 1889 3065 prodidisset,
1941 2993 1993 3047 ei
2035 3011 2156 3048 non
2201 3004 2339 3063 puto
2375 2996 2684 3049 Graserum

355 3073 471 3118 tam
499 3074 722 3119 strenue
746 3067 1169 3117 adversaturum
1196 3062 1386 3118 fuisse.
1451 3065 1616 3115 Recte
1642 3072 1825 3115 autem
1850 3064 1974 3114 Wr.
2003 3061 2213 3131 pergit:
2252 3063 2366 3127 „At
2394 3063 2501 3115 iam
2533 3063 2684 3117 illud

357 3134 530 3186 velim
567 3131 894 3198 responderi
933 3149 963 3183 a
999 3130 1322 3185 doctissimo
1361 3131 1625 3196 Grasero,
1676 3129 1723 3183 si
1760 3129 1818 3181 hi
1851 3146 2046 3183 versus
2082 3147 2198 3181 non
2234 3130 2409 3183 sinta
2448 3131 2684 3200 Virgilii

262 3260 281 3270 „
358 3217 529 3254 manu
570 3198 832 3263 profecti,
872 3211 906 3249 a
942 3216 1056 3271 quo
1088 3201 1182 3251 vel
1219 3216 1330 3271 qua
1368 3206 1543 3252 aetate
1594 3198 1829 3267 scriptos
1865 3197 2186 3251 existimet?
2236 3214 2267 3249 a
2302 3199 2690 3252 Grammatico

359 3265 594 3339 aliquo?
669 3273 725 3317 at
765 3282 961 3332 parum
1016 3274 1099 3320 est
1150 3265 1750 3335 probabile„venisse
1801 3264 1909 3317 hoc
1962 3264 2023 3316 in
2073 3273 2316 3316 mentem
2372 3266 2682 3335 cuiquam,

357 3343 580 3417 praeter
614 3331 801 3401 ipsum
835 3334 1086 3401 poetam,
1138 3344 1199 3387 ut
1232 3334 1371 3387 haec
1404 3341 1772 3404 praetexeret.
1844 3331 2017 3405 Atqui
2054 3331 2161 3401 ipsi
2202 3332 2263 3385 hi
2305 3350 2503 3386 versus
2545 3343 2688 3388 sunt

358 3412 436 3459 ita
485 3419 606 3455 com
653 3399 819 3465 arati,
873 3410 963 3465 ut,
1023 3400 1123 3473 qui
1171 3401 1402 3475 antiqua
1448 3397 1939 3458 a-recentioribus
1986 3398 2329 3468 distinguere
2382 3400 2683 3468 didicerit,

357 3470 524 3526 facile
573 3469 617 3523 si
666 3467 683 3519 i
732 3469 1091 3537 persuadeat,
1144 3469 1375 3539 scriptos
1424 3487 1548 3523 esse
1581 3466 1823 3538 Augusti
1872 3476 2079 3520 aetate:
2129 3466 2202 3520 ita
2238 3466 2452 3538 integra
2487 3468 2589 3522 ‹⁸est
2624 3479 2688 3522 et

358 3540 679 3617 incorrupta
728 3534 932 3602 oratio,
987 3535 1062 3589 ita
1111 3554 1282 3606 pura,
1333 3538 1575 3607 simplex
1626 3546 1682 3589 et
1727 3537 1983 3606 elegans,
2038 3534 2112 3588 ita
2159 3532 2231 3586 ab
2278 3534 2437 3590 omni
2483 3535 2683 3604 inepto

358 3605 646 3661 lenocinio
684 3601 1022 3669 abhorrens,
1073 3603 1151 3657 ita
1199 3604 1448 3677 denique
1496 3603 1672 3657 libera
1723 3600 1792 3654 ab
1838 3602 1991 3656 omni
2041 3602 2367 3657 imitationis
2403 3604 2681 3674 vestigiO,

361 3683 422 3728 ut
456 3690 632 3741 prope
658 3673 815 3725 nulla
850 3671 1060 3725 fraudis
1097 3672 1344 3742 suspicio
1380 3672 1744 3744 relinquatur.
1816 3672 2009 3739 Longe
2047 3669 2212 3722 distat
2239 3668 2309 3721 ab
2341 3671 2449 3723 hoc
2474 3672 2684 3725 Gram-
2715 3716 2724 3722 .

359 3741 722 3806 mancorum,
773 3738 1114 3792 imitatorum
1149 3742 1638 3811 posteriorumque
1686 3739 1974 3807 poetarum
2016 3738 2179 3810 ratio.
2252 3738 2443 3805 Quid?
2492 3740 2680 3818 qupd,

360 3807 689 3863 Santenium
732 3806 778 3862 si
818 3806 1111 3860 audiamus
1150 3809 1254 3871 (ad
1296 3808 1452 3861 Hier.
1488 3804 1725 3859 Balbum
1761 3823 1818 3875 p.
1854 3805 2003 3872 182.)
2042 3804 2146 3856 erit
2181 3804 2378 3872 etiam,
2419 3824 2519 3875 qut
2558 3824 2684 3875 ipsa

359 3872 500 3929 haec
529 3874 834 3944 virgiliana
868 3873 1206 3941 respexerit,
1244 3875 1561 3945 Propertius
1592 3876 1669 3941 11,
1701 3878 1797 3939 10,
1825 3877 1877 3925 3.
1915 3872 2006 3925 ed.
2035 3873 2224 3923 Burm.
2263 3872 2449 3952 [quod
2489 3883 2685 3928 tamen.

361 3941 667 3995 admodum
711 3940 1006 3996 est‘dubiu
1103 3941 1126 4006 ]
1196 3941 1458 4015 Denique
1501 3941 1668 4008 vide,
1712 3958 1881 4013 quam
1920 3938 2198 3993 submisse
2233 3951 2396 4009 poeta
2431 3942 2684 4010 primum

361 4010 510 4063 dicat
545 4007 617 4061 de
646 3959 1307 4076 Bucolicorurfflenerffi
1347 4027 1516 4081 quam
1548 4019 1741 4064 ornate
1774 4008 1845 4060 de
1874 4005 2158 4077 Georgicis
2178 4047 2192 4072 ,
2237 4026 2406 4079 quam
2437 4009 2686 4079 graviter

361 4076 514 4130 idem
544 4076 615 4128 de
638 4074 871 4131 *bellicis
903 4049 1106 4130 rebus‘i
1161 4078 1363 4130 Videre
1389 4087 1605 4143 autem,
1645 4076 1780 4148 quid
1818 4074 2024 4145 cuique
2055 4072 2131 4152 rei
2168 4084 2360 4144 aptum
2394 4076 2492 4141 sit,
2532 4073 2681 4129 boni

310 4179 313 4182 π
361 4152 475 4209 est,
512 4161 628 4196 non
664 4145 797 4197 mali
839 4154 895 4198 et
930 4145 1179 4215 vulgaris
1216 4144 1487 4213 poetae.“
1571 4146 1753 4215 Quare
1789 4140 1955 4194 nobis
1990 4140 2222 4213 quidem
2259 4143 2503 4195 maxime
2538 4158 2685 4210 pro-

359 4208 568 4263 babilis
606 4211 830 4265 videtur
864 4213 958 4266 illa
1001 4216 1073 4265 de
1111 4211 1524 4280 subscriptione
1559 4230 1603 4264 s.
1644 4212 1806 4264 titulo
1842 4210 2086 4280 quodam
2108 4248 2121 4273 ‚
2158 4228 2328 4282 quem
2357 4210 2475 4276 ipse
2507 4210 2681 4278 po‘e‘ta

361 4278 463 4329 uni
513 4277 744 4330 alterive
790 4281 1095 4350 exemplari
1133 4279 1442 4345 addiderit,
1499 4277 1806 4343 sententia,
1859 4294 1930 4327 ex
1977 4294 2088 4349 qua
2129 4294 2313 4348 neque
2348 4292 2544 4328 versus
2593 4277 2682 4331 illi

289 4392 297 4406 ,
360 4361 480 4397 non
516 4344 814 4415 Virgiliani
860 4359 1221 4415 censeantur,
1275 4365 1463 4419 neque
1509 4347 1677 4400 unice
1724 4354 1913 4413 aptum
1965 4343 2198 4396 carmini
2234 4342 2529 4425 exorgiium
2569 4344 2683 4396 de·-

361 4410 641 4467 ttahatur:
705 4412 902 4471 Arma
943 4415 1246 4492 virumque
1292 4432 1439 4471 ccmo
1474 4423 1612 4484 etc.,
1665 4412 1820 4488 quod
1868 4420 2058 4484 aperte
2110 4408 2340 4467 Homeri
2389 4414 2493 4465 Ανὸ
2581 4432 2681 4496 ‘15²⁰‘

2229 4589 2264 4624 Ἶ
2331 4623 2338 4630 ,

2285 4635 2342 4662 ’ν-
