2870 4981
230 313 238 338 ¹
343 327 470 400 1³4
1076 323 1145 388 P.
1175 320 1525 424 jv1RG1Lu
1569 318 1940 388 MARONIS
2020 291 2027 301 “

240 542 250 550 ·
337 514 783 595 Ascanio'ferat
821 514 998 592 haec,
1041 509 1347 593 ipsumque
1385 511 1459 572 ad
1501 508 1732 573 moenia
1775 510 1966 573 ducat.
2529 503 2668 572 645

342 605 547 671 Omnis
588 603 652 664 in
691 592 943 662 As‘canio
987 598 1109 660 cari
1150 607 1267 659 stat
1313 616 1456 658 cura
1497 596 1775 678 parentis.
2522 619 2527 622 -

337 692 589 755 Munera
629 693 967 765 praeterea,
1013 682 1210 744 Iliacis
1255 690 1455 763 erepta
1499 682 1722 759 ruinis,

334 777 523 840 Ferre
564 773 750 847 iubet,
798 767 1013 850 pallam
1052 766 1243 848 signis
1288 787 1543 846 auroque
1577 766 1902 847 rigentem,

266 891 272 900 ·
337 861 420 922 Et
461 858 897 920 circumtextum
939 872 1139 915 croceo
1179 852 1451 928 velamen
1488 852 1735 914 acantho
1751 897 1772 930 ,

267 1029 288 1111 ζ
338 1057 599 1141 rapidum
630 1052 801 1108 mittit
828 1051 938 1119 (sic
965 1068 1002 1124 e„
1076 1049 1207 1105 licat
1233 1048 1520 1117 Servius),
1555 1049 1654 1118 sed
1679 1044 2014 1128 praemittit,
2049 1046 2089 1100 i.
2116 1063 2167 1100 e.
2193 1057 2322 1117 ante
2353 1048 2664 1119 prandium

338 1127 540 1192 mittit,
576 1133 639 1176 ut
665 1120 933 1191 maturius
958 1119 1015 1174 vi
1060 1128 1175 1173 eret
1207 1117 1383 1171 filium
1401 1158 1417 1185 ,
1455 1126 1510 1171 et
1532 1125 1593 1170 ut
1617 1116 1946 1171 afferrentur
1970 1132 2235 1184 munera,
2272 1136 2419 1190 quae
2442 1113 2664 1176 Didoni

340 1196 486 1251 inter
518 1190 862 1262 epulandum
897 1186 1353 1242 commodissime
1390 1184 1686 1242 dabantur.
1755 1185 1936 1239 Maior
1968 1183 2121 1237 enim
2159 1194 2274 1239 erat
2305 1185 2488 1239 sutura
2512 1203 2665 1240 con-

341 1262 480 1317 vivii
517 1261 775 1328 voluptas
811 1263 865 1309 et
940 1255 1213 1310 raesentia
1248 1254 1478 1309 Ascanii
1518 1262 1572 1306 et
1608 1250 1894 1307 oblatione
1924 1252 2353 1322 munerum,“·‘
2423 1253 2661 1322 Nescio,

378 1350 415 1384 n
464 1326 567 1382 Vir
615 1325 842 1380 doctiss.
892 1273 1038 1377 Kane
1085 1323 1289 1376 Donati
1340 1321 1774 1391 explicationem
1822 1318 2052 1398 probett,
2119 1319 2258 1399 mihi
2309 1321 2513 1390 pariter
2568 1332 2663 1375 at·-

307 1350 454 1473 {ue
488 1398 777 1476 VVagnero
822 1391 986 1461 poe'ta
1031 1389 1257 1461 proprie
1302 1388 1464 1460 loqui
1510 1398 1566 1442 et
1599 1406 1656 1442 v.
1681 1391 1802 1441 633.
1849 1403 2127 1456 respicere
2165 1388 2421 1456 videtur,
2482 1388 2560 1442 ita
2597 1399 2665 1444 ut

340 1465 538 1521 sensus
591 1471 693 1517 sit:
741 1460 893 1541 prius
942 1476 1111 1531 quam
1162 1457 1258 1509 alii
1305 1457 1631 1524 mittuntur,
1684 1455 1783 1529 qui
1836 1455 2003 1509 sociis
2050 1454 2113 1508 in
2160 1454 2403 1510 navibus
2446 1456 2666 1513 relictis

338 1536 545 1588 laetum
599 1537 858 1583 nuntium
910 1527 981 1579 de
1025 1523 1573 1595 Carthaginiensium
1624 1524 1998 1592 hospitalitate
2057 1532 2112 1576 et
2164 1521 2324 1578 cibos
2371 1524 2661 1606 adferant,

340 1597 643 1672 praemittit
688 1596 910 1649 Aeneas
960 1594 1233 1648 Achatem
1293 1594 1364 1645 ad
1426 1590 1627 1645 filium.
1709 1594 1784 1645 H.
1840 1589 2220 1660 praemittere
2264 1608 2389 1663 pro-
2412 1592 2666 1661 simplicn

341 1668 564 1723 ntittere
610 1663 1127 1735 positumcenset,
1180 1660 1333 1733 quod
1381 1660 1709 1733 neutiquam
1760 1657 1985 1729 probari
2033 1667 2232 1727 potest.
2269 1688 2337 1701 -
2387 1662 2660 1731 ferat,

257 1729 286 1752 ⁴
339 1734 559 1791 nuntiet
595 1732 735 1786 haec
770 1730 977 1784 omnia.
1011 1731 1191 1800 ferre
1223 1744 1325 1797 pro
1359 1728 1604 1795 referre,
1642 1728 1929 1793 nuntiare,
1971 1727 2116 1779 redit
2149 1729 2227 1794 11,
2263 1728 2379 1781 160.
2427 1726 2482 1782 si
2514 1745 2665 1784 vera

329 1806 558 1875 feram.
629 1803 763 1852 Ter.
813 1798 1039 1851 Phorm.
1074 1798 1155 1858 V,
1206 1799 1272 1862 6,
1323 1801 1406 1850 17.
1457 1792 1638 1870 Quod
1668 1797 1844 1866 fier-5⁸,
1897 1795 2060 1849 cedo.
2133 1798 2268 1849 Tac.
2318 1797 2471 1854 Anu.
2509 1798 2564 1862 1,
2603 1799 2699 1851 5.·

329 1874 512 1943 fama
549 1869 746 1923 eadem
779 1864 934 1920 tulit.
976 1867 1069 1920 VI.
1094 1864 1180 1918 47.
1217 1862 1610 1918 commentarii
1643 1864 1726 1917 ad
1760 1871 2024 1916 senatum
2058 1860 2220 1917 missi
2241 1862 2524 1931 ferebant
2549 1873 2662 1934 etc.

341 1941 454 1995 XV
473 1977 489 2005 ,
526 1938 613 1990 60.
647 1933 789 1988 haee
808 1933 988 2000 ferre
1022 1930 1287 1987 Granius
1313 1929 1595 1986 Silvanus
1618 1929 1863 1985 iubetur
1893 1938 2020 1982 cett.
2054 1960 2123 1971 -
2189 1933 2309 1984 646.
2344 1941 2502 1985 stat
2539 1948 2667 1986 non

341 2023 445 2076 pro
480 2001 721 2073 simplici
757 2010 854 2056 est,
876 2000 1149 2069 positum,
1186 2000 1337 2071 quod
1366 2000 1439 2049 H.
1473 1992 1920 2077 existiman-sed
1959 1996 1997 2049 i.
2070 2035 2084 2049 .
2121 2013 2344 2067 semper
2382 2008 2665 2067 versatur,

339 2073 521 2144 posita
571 2078 683 2137 est,
732 2077 795 2121 ut
840 2066 1256 2138 perpetuitatis,
1308 2066 1655 2119 constantiae
1700 2074 1854 2119 notio
1902 2080 2031 2117 acce
2075 2072 2148 2118 at.
2183 2085 2252 2107 -ὲ
2311 2066 2485 2120 cari
2526 2083 2669 2135 pa-·

340 2137 621 2206 reneis,
683 2136 722 2190 i.
777 2153 828 2188 e.
880 2134 1154 2199 amantis,
1220 2136 1411 2203 paullo
1461 2133 1657 2187 fortius
1710 2133 1955 2199 dictum,
2006 2150 2177 2211 quam
2212 2132 2457 2215 ssHomeri
2490 2127 2689 2213 φίλεδ

338 2203 1022 2329 ἔὲῑῗὲ·ε.“3..3·ὶιῖῖιξῖῗὲ
1038 2202 1906 2340 ,”ἇῗ.“ἳ“·ἒχέῗξέἷῖξῖἷ·“·ᾙὲἓ“ϊὲῖῗ
1927 2199 2085 2321 ..ἷῗὲι
2106 2213 2329 2323 ῗὲἵὲἒ.
2339 2200 2549 2337 ΡξξῗΡΡ
2674 2239 2679 2242 ’
2704 2291 2711 2298 -

338 2343 611 2398 Achatem
662 2356 692 2392 e
741 2336 1013 2402 navibus,
1127 2354 1227 2389 uae
1290 2337 1501 2390 Didoni
1567 2336 1809 2390 donet.“
1858 2335 1947 2391 H.
1998 2364 2066 2376 —-
2109 2338 2355 2405 ferre.
2501 2394 2512 2405 ἐ
2621 2378 2628 2383 .

342 2410 553 2467 omisso
578 2409 809 2471 (accus.)
830 2404 1055 2458 obiecti.
1082 2355 1226 2457 tilid.
1250 2405 1462 2457 adnott.
1488 2404 1695 2458 ad'Ecl.
1715 2405 1802 2470 VI,
1819 2406 1905 2458 85.
1929 2402 2241 2472 -Ρηίῖα,
2273 2403 2434 2458 vest*
2457 2384 2496 2439 Ρ·
2518 2473 2521 2478 ἦ
2545 2442 2549 2445 -
2575 2402 2642 2451 ἢ.

341 2487 401 2532 et
447 2475 738 2546 superior,
794 2472 1070 2543 imprimis
1115 2473 1453 2540 mulierum,
1514 2488 1546 2525 a
1599 2473 1746 2526 collo
1797 2489 1980 2545 usque
2029 2476 2098 2525 ad
2147 2474 2322 2542 pedes
2369 2467 2500 2524 defi
2543 2526 2546 2528 ,

340 2546 502 2600 cuius
538 2560 748 2597 nomen
780 2542 1091 2595 secundum
1127 2542 1438 2593 Varronem
1475 2540 1625 2620 apud
1661 2541 1822 2593 Serv.
1855 2542 1923 2593 ad
1960 2540 2019 2594 h.
2055 2542 2095 2592 l.
2147 2559 2176 2592 a
2214 2541 2425 2594 Graeco
2460 2542 2569 2607 τά]
2627 2595 2630 2600 ,

343 2610 883 2675 deducendum,ut
932 2626 963 2660 a
1010 2606 1319 2661 mobilitate
1355 2606 1635 2661 insertoris
1678 2606 2032 2677 potissimum
2066 2610 2378 2678 amplarum
2413 2606 2641 2663 vestio

330 2711 335 2717 ·
385 2678 513 2732 artis
562 2678 838 2745 appellata
887 2677 986 2742 sit,
1058 2693 1128 2728 ex
1178 2675 1291 2728 alio
1338 2684 1526 2728 autem
1581 2675 1851 2729 Varronis
1899 2677 2027 2730 loco
2076 2679 2141 2728 L.
2189 2677 2254 2728 L.
2292 2676 2400 2743 IV,
2448 2679 2533 2731 39.
2585 2675 2662 2731 ab

341 2697 548 2801 {atino
586 2742 792 2813 palam
824 2743 1223 2811 repetendum,
1280 2743 1432 2815 quod
1486 2742 1745 2812 superius
1795 2744 1868 2797 sit
1900 2742 2317 2798 vestimentum·
2388 2738 2479 2796 Cs.
2510 2745 2662 2800 Aen.

343 2818 459 2880 xl,
496 2813 611 2867 576.
661 2813 798 2865 Hor.
835 2812 947 2864 Sat.
982 2814 1036 2875 1,
1076 2816 1141 2877 2,
1179 2813 1266 2866 98.
1316 2809 1395 2862 id.
1451 2809 1520 2862 ad
1574 2809 1684 2865 Pis.
1719 2812 1839 2865 215.
1891 2810 2058 2865 ovid.
2107 2812 2236 2865 Am.
2272 2814 2373 2877 111,
2428 2816 2524 2880 13,
2571 2817 2665 2868 26.

343 2880 562 2935 Tibull.
601 2881 701 2935 111.
751 2878 816 2945 4,
876 2880 959 2930 35.
1027 2880 1191 2947 Prop.
1228 2880 1327 2944 111,
1379 2882 1475 2944 17,
1524 2881 1612 2931 32.
1664 2879 1788 2931 val.
1839 2880 1923 2933 Fl.
1956 2883 2007 2946 Ι,
2058 2881 2178 2935 385.
2227 2879 2533 2948 spanhem.
2583 2882 2662 2935 ad

343 2948 565 3003 Gallim.
593 2949 666 2998 H.
694 2947 752 2999 in
767 2947 956 3015 Apoll.
980 2950 1066 2999 32.
1104 2944 1417 2998 Markland.
1446 2945 1516 2998 ad
1544 2946 1677 2998 Stat.
1705 2946 1841 2999 Sitv.
1862 2949 1925 3013 Π,
1953 2951 2004 3014 3,
2034 2949 2117 3001 16.
2159 2947 2365 3017 Gierig.
2392 2948 2463 3017 ad
2487 2948 2660 3003 Ovid.

340 3019 473 3071 Met.
508 3018 605 3081 XI,
645 3015 760 3067 166.
793 3012 1006 3068 Iacobs.
1041 3011 1338 3068 Blumenl.
1374 3015 1456 3094 Π..
1479 3031 1535 3082 p.
1568 3019 1684 3066 112.
1722 3014 2006 3068 Schirach.
2045 3031 2100 3084 p.
2120 3013 2253 3096 0569.
2296 3032 2342 3071 s.
2366 3031 2424 3068 v.
2462 3014 2662 3086 rigere

158 3139 176 3146 ,
253 3102 260 3113 ”
343 3095 401 3138 et
435 3083 620 3137 Thiel.
660 3083 726 3134 ad
769 3082 825 3134 h.
868 3085 906 3134 l.
943 3111 1011 3123 -·-
1059 3078 1344 3160 „prilla
1389 3079 1642 3151 segnis
1686 3098 2034 3156 auroque
2065 3100 2131 3136 rt
2205 3100 2373 3149 ens,
2428 3080 2662 3139 intextis

339 3169 531 3206 :rerum
568 3151 660 3203 vel
700 3149 991 3203 homimum
1029 3150 1222 3203 formis
1255 3165 1327 3200 ex
1361 3166 1519 3202 auro.
1592 3151 1847 3202 Laudant
1881 3151 2043 3203 Pind.
2077 3153 2149 3202 Ist
2198 3168 2272 3203 m.
2301 3150 2408 3216 VI,
2447 3153 2531 3204 58.
2573 3155 2661 3204 59.

340 3218 606 3273 Οἱνεδέκευ
638 3216 825 3276 φιάλαν
851 3221 1030 3289 χρυσῷ
1058 3218 1383 3291 πεφρηῖυῖανς
1431 3216 1584 3289 quod
1615 3216 1915 3271 illustraret
2051 3235 2210 3271 eram
2243 3217 2443 3272 uitreis
2477 3217 2529 3271 εἰ
2574 3282 2581 3287 ,
2619 3219 2666 3274 's

344 3285 705 3351 horrentem,
758 3284 814 3337 h.
864 3304 915 3338 e.
969 3302 1220 3354 asperam
1266 3284 1856 3355 signiswxstantibus.
1980 3294 2001 3338 t
2045 3285 2105 3338 h.
2152 3287 2201 3349 1.1
2240 3284 2432 3355 rigent
2478 3303 2513 3337 v
2600 3304 2667 3342 es

337 3356 543 3424 plenae
579 3360 643 3404 ac'
694 3352 900 3406 densae
946 3369 1115 3419 ειη-ο,
1168 3370 1284 3425 quo
1335 3361 1624 3422 pertextae
1674 3362 1727 3405 et
1765 3350 1979 3404 effictae
2014 3361 2144 3406 sunt
2176 3349 2255 3405 in*
2274 3355 2381 3405 tela
2415 3352 2664 3420 figurae,

341 3421 490 3476 Aen.
517 3422 628 3481 XI,
664 3425 751 3472 72.
791 3433 798 3445 “
832 3418 998 3474 Tune
1019 3418 1285 3489 geminas
1318 3430 1500 3474 vestes
1533 3437 1796 3492 auroque
1829 3429 2099 3494 ostroque
2129 3419 2382 3490 Agentes
2417 3420 2689 3481 Εςτιηῖἰὲὲ

325 3487 580 3546 =Aeneas
601 3503 623 3541 .·
660 3504 798 3558 quas
838 3487 987 3540 Dido
1024 3513 1089 3526 —
1125 3486 1285 3541 tenui
1320 3485 1469 3540 telas
1501 3487 1858 3541 discreverat
1891 3505 2064 3542 auro.
2103 3517 2170 3530 --
2204 3487 2262 3540 re·
2302 3496 2456 3541 entes
2490 3497 2670 3558 togas·

277 3584 304 3605 ·.
457 3564 643 3608 nostro
681 3554 844 3607 duxit
878 3553 1074 3607 Claud.
1100 3557 1153 3621 1,
1194 3553 1370 3607 205.“
1406 3552 1494 3608 H.
1569 3553 1653 3607 cf.
1691 3554 1859 3607 etiam
1895 3557 2060 3609 Lucr.
2091 3556 2170 3622 V,
2216 3560 2237 3608 1
2282 3560 2364 3608 27.
2401 3565 2557 3609 veste
2591 3587 2669 3598 --

335 3570 667 3692 &manerem
721 3632 895 3696 atque
940 3639 1091 3676 auro
1137 3619 1429 3742 signisgue
1485 3620 1808 3692 rigentibus
1855 3633 2031 3691 apta,
2100 3639 2271 3695 quem
2312 3623 2480 3676 Maro
2530 3632 2669 3678 ante

341 3693 537 3746 oculos
588 3690 813 3743 videtur
851 3688 1160 3761 *habuisse3
1216 3699 1271 3742 et
1370 3689 1601 3742 mmian.
1642 3692 1812 3744 Marc.
1849 3692 2152 3757 XV1,110.
2199 3687 2455 3760 rigentia
2505 3708 2669 3746 auro

340 3756 588 3812 vex-illa.
675 3759 822 3812 Nos:
882 3774 993 3812 von
1049 3755 1207 3812 Gold
1249 3759 1376 3810 und
1423 3754 1708 3813 Stfckerei
1758 3768 2034 3814 strotzen.
2122 3760 2314 3810 Burm.
2410 3767 2671 3812 raeterea.

340 3827 573 3879 Salmas.
611 3824 680 3878 ad
709 3825 932 3895 Vopisci
957 3823 1223 3878 Carinum
1259 3840 1309 3878 c.
1341 3827 1425 3876 20.
1461 3833 1516 3877 et
1542 3824 1865 3878 Rubenium
1903 3826 2068 3895 de-re
2103 3826 2329 3879 vestiar.
2381 3864 2398 3892 ,
2429 3832 2481 3878 2.
2516 3842 2672 3880 con-

340 3893 475 3946 ferri
512 3891 684 3945 iubet.
739 3923 809 3934 -
853 3891 1499 3962 „circumtextum
1544 3890 1877 3953 velamen
1922 3891 2258 3948 acantho
2304 3900 2671 3963 praetextum

339 3959 563 4013 acanthi
597 3959 779 4027 soliis,
815 3960 987 4015 vestis
1024 3977 1180 4015 oram
1219 3958 1619 4016 ambientibus.
1690 3963 1775 4013 De
1812 3958 2095 4029 acantho,
2134 3961 2253 4015 vid.
2291 3961 2362 4014 ad
2402 3963 2521 4015 Ecl.
2553 3958 2663 4030 111,

339 4027 459 4093 45„
496 4023 597 4080 ubi
638 4028 697 4081 in
731 4028 951 4099 poculis
975 4044 1143 4083 ansae
1178 4026 1416 4082 acantho
1446 4027 1823 4095 circumlitae,
1861 4036 1925 4080 ut
1959 4029 2109 4097 apud
2141 4029 2309 4083 ovid.
2338 4031 2474 4083 Met.
2501 4031 2667 4096 xlv,

340 4098 465 4149 701.
507 4096 733 4150 crateris
782 4114 863 4151 os.
925 4112 1310 4162 croceum,
1367 4094 1520 4168 quod
1572 4096 1695 4149 eius
1743 4109 1921 4166 genus
1954 4104 2070 4161 θεὶς
2115 4114 2250 4152 nam
2303 4098 2538 4169 vulgare
2576 4103 2674 4151 est

337 4157 474 4214 flore
513 4159 664 4217 albo.
732 4163 997 4233 Calpurn.
1028 4165 1142 4216 Ecl.
1169 4165 1264 4228 lV,
1289 4165 1376 4218 68.
1414 4160 1660 4216 rutilum
1695 4163 1867 4228 dixit,
1903 4161 2003 4216 ubi
2034 4164 2293 4234 Tityrum
2326 4174 2666 4220 cantantem

338 4225 526 4283 rutilo
560 4230 874 4302 spargebat
907 4229 1153 4286 aeumlao
1192 4229 1365 4286 Nais.
1438 4231 1507 4282 Et
1543 4228 1804 4284 similiter
1834 4241 1974 4314 puto
2008 4230 2316 4289 Sidonium
2348 4232 2557 4286 Statius
2595 4230 2669 4286 in.

335 4295 467 4349 loco
496 4312 568 4348 ex
592 4308 784 4351 nostro
813 4315 1079 4369 expresso
1100 4299 1237 4353 Silv.
1265 4301 1364 4363 111,
1398 4300 1425 4349 1
1443 4335 1460 4364 ,
1488 4300 1574 4351 37.
1599 4300 1686 4352 38.
1755 4298 1880 4354 Hic
1911 4297 2020 4353 tibi
2056 4299 2382 4366 (Hercules)
2409 4298 2667 4356 Sidonio

337 4359 554 4417 celsum
588 4363 873 4434 malvium·
930 4364 1178 4421 aematho
1231 4365 1327 4431 (h.
1378 4382 1429 4417 e.
1480 4363 1573 4418 cui
1624 4365 1874 4421 intextus
1925 4383 1997 4421 ex
2042 4384 2289 4438 purpura
2339 4366 2668 4434 acanthus)

346 4427 643 4501 Texim,
694 4441 751 4487 et
782 4432 967 4505 signis
998 4432 1204 4491 crescit
1241 4443 1408 4490 torm
1440 4450 1620 4505 asper
1654 4433 1911 4491 eburnis·
1983 4438 2138 4489 Tum
2187 4432 2520 4491 velamen
2554 4452 2668 4490 sen
