2870 4981
300 313 389 381 10
500 306 507 317 ²
997 399 1003 414 ,
1202 308 1706 376 raoosmmm

299 500 514 583 telligit
530 497 843 582 Virgilium
861 546 879 580 ,
896 512 899 513 ’
918 497 1097 562 etiam
1128 497 1230 561 uhi
1250 516 1464 581 presse
1490 504 1799 579 sequatur,
1838 497 2007 560 modo
2037 493 2624 578 οαεῆςιιίίοωςμὼ
2675 542 2682 550 .

302 587 532 651 diriore
571 586 668 651 vel
710 584 1175 666 augustiore'rei
1217 585 1410 665 speeie
1447 582 1546 662 ἢ),
1608 583 1809 644 Latini
1847 583 2133 644 sermonis
2176 582 2497 662 elegantia,
2556 589 2622 644 οῦ

298 692 457 737 novo
486 692 681 734 rerum
722 681 959 749 ornatu,
1002 672 1173 732 modo
1202 671 1445 746 deducta
1483 668 1733 731 feliciter
1762 688 1834 730 ac
1865 668 2093 731 deflexa
2123 669 2201 729 <ad
2234 667 2391 729 aliud
2425 684 2619 728 rerum

299 777 489 841 genus
536 755 822 820 sententia
861 755 957 818 vel
1001 756 1259 817 oratione
1300 765 1561 817 certasse
1605 754 1734 816 cum
1778 751 2005 816 Graeco
2044 759 2239 834 poeta.
2323 750 2615 834 imprimis

280 853 494 911 ,autem
543 863 608 904 se
652 841 936 902 Romanis
978 839 1040 901 in
1078 840 1318 902 Homeri
1374 839 1694 901 imitatione
1729 858 2090 919 'magnopere
2132 839 2382 919 probare
2425 835 2626 899 debuit*

302 928 492 991 cultus
529 925 812 1006 Augustei
845 924 1098 1003 saeculi,
1145 946 1258 1007 quo
1297 919 1639 1005 simplicitas
1674 923 1925 1001 inculta,
1971 933 2028 984 et
2064 923 2302 984 horrida
2336 922 2632 985 interdum·

298 1011 545 1078 Homeri
584 1019 876 1088 vetustas,
920 1019 1019 1071 aut
1054 1011 1214 1072 iners
1248 1010 1502 1091 languor
1527 1012 1694 1071 modo
1723 1010 1794 1070 ad
1824 1007 2212 1071 honestiorem
2248 1017 2307 1069 et
2335 1007 2641 1069 mitiorem.

302 1097 547 1173 cultum,
592 1097 762 1157 modo
803 1098 876 1156 ad
922 1095 1335 1176 elegantiorem
1380 1104 1642 1156 ornatum
1662 1143 1679 1172 ,
1741 1096 1908 1154 modo
1958 1096 2030 1154 ad
2075 1093 2463 1175 incitatiorem
2497 1091 2632 1154 wint

303 1202 344 1244 a
370 1181 621 1242 Marone
649 1190 962 1259 temperata
995 1190 1105 1244 est.
1174 1180 1499 1259 Unicuique
1535 1179 1691 1241 enim
1720 1179 1964 1241 virtutes
1992 1177 2313 1258 virgiliani
2346 1175 2626 1239 carminis

282 1266 415 1330 -rite
449 1265 825 1333 aestimatur-o
857 1266 972 1327 alte
1003 1267 1112 1326 hou
1148 1265 1327 1326 menti
1352 1265 1608 1327 insidere
1635 1266 1838 1342 debet,
1887 1272 1946 1323 ut
1974 1270 2232 1342 reputet,
2270 1283 2387 1342 qua
2417 1271 2629 1342 aetate,

305 1371 422 1432 qno
463 1350 529 1411 in
589 1350 838 1429 populo,
907 1371 1022 1430 qna
1066 1350 1129 1410 in
1177 1353 1354 1428 urbe,
1415 1370 1561 1433 quos
1620 1349 1773 1410 inter
1829 1348 2095 1410 homines
2157 1355 2333 1427 poeta
2372 1347 2593 1409 vixerit
2609 1387 2636 1427 ,-

255 1478 258 1491 .
306 1455 478 1515 quem
520 1434 656 1496 inde
702 1435 952 1499 colorem
1000 1455 1230 1496 carmen
1274 1435 1402 1497 eius
1447 1435 1715 1512 duxerit,
1778 1442 1871 1512 ut,
1933 1432 2045 1495 etsi
2089 1433 2254 1496 salvo
2299 1441 2359 1494 et
2397 1432 2636 1512 integro

308 1519 676 1605 heroicorum
706 1529 1037 1599 temporum
1088 1536 1295 1598 more,-
1339 1520 1543 1600 purior
1589 1528 1813 1593 mnien,
1883 1518 2155 1580 mundior
2190 1527 2250 1580 et
2288 1517 2642 1597 castigatior

307 1613 469 1669 esset
516 1605 800 1669 carminis
854 1605 1085 1668 habitus
1104 1653 1121 1683 ,
1196 1605 1318 1666 alia
1369 1604 1655 1666 mitiorem
1674 1653 1690 1682 ,
1756 1603 1877 1665 alia
1932 1603 2265 1684 graviorem
2303 1612 2594 1663 rnaturam
2614 1647 2637 1684 ,

309 1689 659 1768 omninoque
711 1689 970 1752 cultioris
1032 1689 1165 1752 aevi
1224 1690 1568 1769 dignitatem
1610 1691 1919 1766 haberent,
1985 1690 2335 1767 heronmque
2396 1706 2640 1766 mores,-

212 1778 219 1801 ²
308 1774 632 1836 sententiae
669 1794 739 1835 ac
764 1775 919 1845 dicta
938 1821 954 1852 ‚
993 1774 1104 1836 etsi
1134 1775 1402 1836 heroicae
1433 1773 1610 1835 aetati
1642 1782 2034 1835 consentanea
2050 1822 2066 1851 ,
2111 1773 2424 1852 spirarent*
2439 1781 2638 1834 tamen

310 1857 513 1921 nescio
569 1858 707 1937 quid
762 1879 838 1920 ex
893 1858 1187 1940 elegantia
1243 1858 1460 1920 saeculi
1482 1907 1500 1937 ,
1576 1858 1738 1922 urbis
1798 1868 1857 1921 et
1915 1860 2119 1921 domus
2179 1858 2521 1938 Augusteae
2579 1863 2643 1919 et

274 2004 277 2007 Α
311 1941 711 2021 Maecenatis,
757 1943 822 2004 in
863 1964 977 2023 qua
1018 1953 1190 2023 poeta
1230 1944 1401 2007 vixit.
1421 1944 1468 1985 “·
2335 1976 2338 1977 ⁷

484 2028 639 2107 „Ad
677 2027 889 2090 cultum
916 2029 1232 2108 Virgiliani
1271 2027 1548 2091 carminis
1577 2036 1808 2109 gratum
1840 2035 1898 2090 et
1939 2027 2244 2088 amabilem
2282 2049 2406 2089 non
2440 2026 2646 2092 minus

314 2120 541 2192 spectat
582 2114 984 2176 orationis
1027 2114 1375 2192 indoles,
1421 2114 1635 2194 quippe
1676 2133 1823 2193 quae
1865 2113 1929 2174 in
1968 2111 2339 2191 simplicitate
2380 2112 2646 2175 mirabili

314 2198 660 2278 dignitatem
704 2209 901 2279 servat
925 2208 982 2261 et
1016 2200 1392 2280 gravitatem.
1477 2199 1701 2261 Ornatu
1727 2198 1883 2261 enim
1914 2198 2076 2260 vario
2120 2206 2177 2259 et
2203 2186 2540 2278 eani'sito,
2587 2204 2651 2262 et

240 2300 259 2349 ’γ
313 2282 605 2345 sermonis
634 2284 849 2361 poetici
883 2285 1069 2346 nitore
1087 2334 1102 2362 ‚
1149 2285 1427 2346 orationis
1453 2283 1737 2363 dignitate
1769 2293 1827 2346 et
1857 2283 2173 2364 gravitate,
2218 2284 2648 2344 sententiarum

315 2371 574 2457 pondere
603 2367 916 2430 Homerum
961 2369 1300 2450 longissime
1339 2369 1631 2431 antecellit
1661 2368 1805 2448 *ἧς
1854 2368 2018 2430 cuius
2053 2367 2182 2430 laus
2221 2368 2545 2447 praecipua
2581 2368 2650 2429 in

298 2521 305 2541 Ι
317 2451 673 2534 proprietate
710 2462 767 2514 et
810 2454 1210 2535 simplicitate,
1255 2465 1372 2516 tum
1411 2454 1475 2516 iu
1517 2453 1803 2517 suavitate
1841 2473 2318 2532 numerorumque
2357 2453 2651 2517 facilitate

317 2538 514 2618 posita
536 2546 625 2599 est
653 2536 813 2610 (nam
839 2541 1124 2601 sermonis
1153 2540 1336 2601 Ionici
1359 2540 1559 2618 epicae
1584 2539 1906 2600 narrationi
1939 2548 2051 2599 tam
2078 2539 2378 2617 praeclare
2411 2560 2654 2601 accom-

318 2621 539 2688 modati
565 2621 897 2684 felicitatem
925 2625 1097 2686 aetati
1130 2645 1271 2686 suae
1295 2625 1489 2698 dehet)
1508 2673 1524 2702 ,
1559 2624 1669 2686 etsi
1701 2643 1809 2685 nec
1833 2624 1927 2686 vis
1957 2632 2013 2684 et
2039 2626 2213 2685 robur
2242 2644 2352 2685 nec
2383 2624 2684 2703 pulchri-.

323 2708 460 2767 tudo
487 2716 544 2768 et
565 2705 852 2772 interdum
880 2729 989 2771 nec
1016 2719 1253 2774 ornatus
1282 2710 1338 2771 ei
1366 2712 1547 2774 deest.
1593 2710 1711 2772 Sed
1740 2708 2147 2789 necVirgilius
2173 2709 2237 2768 in
2265 2709 2657 2773 ornatissima

322 2790 587 2853 oratione
626 2790 1050 2871 simplicitatem
1104 2805 1167 2855 et
1210 2795 1621 2874 proprietatem
1663 2793 1992 2856 deseruisse
2032 2793 2215 2856 videri
2260 2796 2470 2870 debet3
2539 2795 2658 2858 etsi

320 2874 625 2960 nequiores
668 2878 981 2959 scriptores
1039 2879 1216 2940 multa
1270 2880 1548 2942 orationis
1595 2899 1736 2941 suae
1780 2878 2078 2958 pigmenta
2119 2887 2177 2940 et
2231 2878 2531 2956 lenocinia
2575 2899 2658 2942 ex

251 2979 255 2988 ’
324 2980 397 3021 eo
429 2961 787 3042 adoptarint3
832 2963 982 3026 male
1022 2965 1081 3025 iu
1114 2968 1438 3044 pedestrem
1473 2964 1643 3026 etiam
1678 2963 2030 3034 inferrentur
2062 2983 2166 3040 ea,
2212 2983 2363 3043 quae
2398 2964 2660 3027 camnini

325 3054 495 3107 erant
516 3046 774 3125 propria.
860 3049 1032 3111 Certe
1068 3050 1282 3129 poetici
1316 3059 1553 3112 ornatus
1590 3048 1877 3128 elegantis
1907 3069 2020 3110 nec
2046 3047 2294 3109 affectati
2331 3045 2661 3128 praestanss

326 3127 619 3196 tissimum
662 3141 718 3193 et
758 3133 989 3202 unicum
1033 3135 1331 3215 exemplar
1371 3156 1505 3197 esse
1549 3127 1800 3195 arbitror
1842 3153 2078 3206 carmen
2113 3133 2544 3213 virgilianum3
2591 3135 2662 3197 in

326 3213 443 3277 hoc
482 3215 769 3279 sermonis
812 3220 1023 3297 poetici
1067 3221 1302 3300 genium
1334 3221 1583 3299 primum
1627 3217 1998 3281 constitutum
2042 3227 2099 3280 et
2139 3221 2211 3284 ad
2250 3228 2411 3280 certa
2455 3241 2660 3283 rerum
2700 3214 2706 3219 ’

327 3297 624 3384 principia
669 3321 738 3362 ac
778 3301 941 3381 leges
971 3315 1235 3366 exactum
1279 3306 1735 3383 deprehendere,
1784 3313 1841 3366 et
1885 3311 2176 3382 troporum
2213 3324 2283 3364 ae
2324 3303 2664 3384 figurarum
2743 3309 2748 3318 “

328 3393 606 3463 naturas,
654 3384 1160 3468 inversionumque
1193 3389 1449 3455 rationes
1492 3389 1813 3467 descriptas
1853 3398 1911 3450 et
1955 3398 2239 3467 tamquam
2282 3408 2319 3449 a
2363 3390 2663 3471 magistro

328 3486 539 3530 norma
588 3472 888 3550 proposita
938 3475 1275 3535 constitutas
1336 3476 1560 3536 discere
1626 3473 1782 3537 lic-et.
1900 3474 2164 3537 Attamen
2220 3472 2281 3534 in
2342 3474 2460 3536 hac
2523 3475 2667 3554 ipsa

330 3553 548 3632 poetici
575 3556 862 3624 sermonis
904 3560 1310 3624 constitutione
1353 3567 1559 3638 poetae
1602 3558 1730 3624 laus
1766 3568 1824 3621 et
1848 3559 2033 3623 virtus
2077 3578 2197 3619 non
2240 3557 2455 3617 tam‘in
2483 3559 2669 3622 inve-

330 3636 581 3730 niendo,
619 3662 792 3722 quam
834 3642 897 3704 in
932 3643 1183 3707 inventis
1226 3644 1479 3706 aliorum
1523 3664 1652 3706 cum
1694 3643 2004 3726 ingeniosa
2044 3641 2363 3723 sagacitate
2401 3641 2468 3703 in
2516 3665 2666 3709 sues

232 3943 243 3956 a
334 3854 412 3928 οι)
443 3859 625 3980 »ἔτι
668 3870 791 3984 arte¹
819 3833 1091 3983 Yirqilius
1134 3861 1351 3917 colores
1394 3861 1651 3982 ⁸³¹¹{P102}
1699 3858 2008 3983 ἰᾶῐιεςζιιιιιιι
2058 3859 2154 3985 {ll
2196 3858 2672 3981 t‹lesgriptionum

474 3944 1708 4070 mssdssv‘zrtffvzsssffpffif’sz‘ssoffiassss'azsss'ft5
1744 3943 2292 4066 ³1²¹¹¹X232130115⁰i¹1
2328 3947 2671 4055 ἓὲεῗῗὲἓὲἓιῖ

474 4079 607 4117 cum
642 4065 816 4123 Iliade
849 4068 1061 4135 xxm,
1093 4068 1411 4123 7692-773,
1446 4063 1825 4122 contuleris.“
1863 4063 1981 4126 W.

338 4145 434 4214 **)
468 4148 786 4218 Heynium‚
833 4152 1012 4208 nimio
1051 4152 1154 4206 Vir
1192 4150 1275 4205 ilii
1312 4152 1399 4207 sui
1434 4150 1626 4205 studio
1658 4149 1792 4204 abre
1833 4158 1990 4217 tum,
2040 4147 2137 4202 hio
2209 4151 2363 4204 nullo
2395 4148 2674 4221 iniquius

476 4216 550 4269 de
575 4219 825 4275 Homero
850 4219 1124 4276 iudicium
1206 4218 1380 4278 cisse.
1412 4236 1533 4274 non
1556 4228 1642 4273 est
1667 4236 1781 4291 quo
1848 4217 2101 4273 doceam.
2242 4234 2352 4289 nge
2377 4216 2580 4272 verius
2610 4229 2676 4275 et
2765 4247 2768 4252 ·

476 4279 701 4341 sobrius
739 4287 811 4342 de
849 4288 1143 4362 utriusque
1177 4286 1483 4342 virtutibus
1516 4286 1628 4340 iam
1652 4295 1781 4341 ante
1805 4302 1946 4339 veum
1976 4284 2322 4341 iudicaverat
2344 4283 2676 4342 Emestius

482 4350 546 4404 in
591 4353 823 4409 Acroasi
876 4359 942 4410 11.
1004 4358 1077 4412 de
1128 4356 1489 4430 ingeniorum
1537 4356 1763 4414 Graeco.
1813 4362 1884 4426 et,
1929 4356 2153 4412 Romm.
2202 4351 2672 4424 comparatione,

481 4423 725 4493 Opuscc.
756 4432 914 4482 oratt·
951 4443 1011 4497 p.
1038 4428 1155 4485 1⁵2.
1188 4443 1317 4503 sqq.
2173 4433 2175 4435 ’
