2870 4981
418 316 550 391 2⁵2
708 352 715 357 ·
1145 310 1215 375 P.
1255 307 1474 377 vum!
1483 298 1591 375 {2²11
1631 305 2000 417 MARONIS
2239 406 2257 455 1
2311 348 2323 364 .

587 499 707 568 vix
748 520 821 565 ea
861 482 1018 564 intus
1065 506 1192 565 erut
1229 498 1429 565 senior
1446 545 1465 576 ,
1510 495 1812 578 subitoque
1841 454 2094 580 ⁸fragore

419 585 673 659 Intonuit
708 585 975 665 laevum,
1017 594 1075 648 et
1118 587 1190 648 de
1220 583 1411 661 coelo,
1437 582 1606 666 lapsa
1646 603 1753 664 per
1794 586 2030 648 umbras

418 780 647 829 rmum
661 808 685 841 ,
722 769 813 826 his
843 764 1037 824 verbis
1066 765 1331 822 adiectis}
1366 765 1447 834 ,‚i.
1469 782 1523 821 e.
1553 762 1710 821 hunc
1733 774 1952 821 tantum
1983 765 2314 837 adspectum
2337 783 2446 826 nos
2470 767 2694 842 acl-ipim

421 842 497 896 de
532 857 648 920 quo
681 836 954 912 loquendi
1002 852 1208 909 genere
1255 834 1467 889 dictum
1519 844 1605 891 est
1650 835 1711 889 in
1744 837 1870 890 Not.
1919 835 1992 891 ad
2026 839 2131 903 111,
2169 838 2290 902 56.;
2343 835 2497 891 sivet
2544 842 2696 896 omnis

402 911 797 964 ¹'rt-manorum
827 906 1046 960 fortuna
1072 921 1248 977 quum
1273 902 1571 971 corruerit,
1608 902 1755 958 hanc
1780 912 1992 956 tantum
2025 903 2146 957 eius
2178 913 2393 973 partem
2428 905 2644 976 adspice
2656 910 2695 973 3⁸⁶

421 991 595 1050 quam
645 970 1064 1028 adnotationem
1115 970 1163 1026 si
1189 978 1365 1035 ‚recte
1418 969 1704 1043 intelligo,
1751 968 1926 1025 verba
1956 969 2066 1026 hoc
2095 980 2356 1040 tantum,
2407 976 2695 1052 pronomini

421 1061 531 1099 nos
563 1057 665 1111 per
697 1038 1109 1112 appositionem
1142 1038 1363 1105 addita,
1408 1037 1510 1093 Vir
1536 1038 1762 1094 doctiss.
1795 1038 1871 1092 ita
1895 1040 2020 1093 wit
2042 1038 2252 1118 accipi,
2292 1049 2356 1092 ut
2384 1040 2695 1110 significent:

421 1121 535 1166 tam
570 1126 770 1178 parvas
800 1118 857 1163 et
888 1106 1120 1162 miseras
1159 1107 1350 1188 populi
1386 1106 1526 1161 olim
1557 1106 1700 1161 adeo
1735 1106 1978 1177 potentis
2006 1115 2062 1160 et
2091 1106 2271 1162 felicis
2303 1107 2406 1160 reli
2456 1108 2587 1163 uias.
2646 1112 2701 1165 At

421 1178 669 1249 primum
722 1194 793 1230 ex
843 1193 948 1230 usu
985 1176 1257 1249 loquendi
1293 1175 1792 1241 demonstrandum
1840 1184 1991 1241 erat,
2040 1174 2377 1241 hocssverbis
2413 1196 2430 1229 ι
2457 1175 2526 1230 lis
2558 1177 2700 1233 latine

424 1246 538 1301 dici
585 1261 781 1313 posset,
829 1261 959 1297 nam
1009 1261 1154 1317 quae
1200 1244 1406 1315 Wagn.
1454 1241 1524 1295 ad
1577 1240 1707 1295 libri
1743 1245 1831 1295 111.
1885 1243 1926 1296 1.
1975 1243 2017 1296 1.
2065 1242 2310 1312 disputat
2359 1243 2431 1296 de
2477 1244 2701 1301 formulis

420 1311 730 1371 notissimis
770 1328 1035 1382 pugnam
1062 1327 1383 1392 pugnare,
1440 1307 1730 1380 gaudium
1764 1312 2031 1379 gaudere
2098 1319 2155 1364 et
2199 1309 2519 1378 similibus,
2575 1313 2699 1367 unde

422 1383 594 1436 etiam
647 1378 811 1446 talia,
863 1387 923 1431 ut
973 1380 1119 1451 quad
1206 1379 1426 1446 arides,
1478 1376 1544 1430 id
1588 1374 1833 1445 horto-r,
1883 1377 1950 1431 id
2000 1395 2178 1448 cogo,
2231 1387 2285 1431 et
2331 1378 2701 1434 adiectivornm

420 1448 674 1504 neutrius
712 1444 934 1518 generis
967 1463 1070 1515 pro
1105 1463 1134 1497 a
1180 1443 1389 1499 verbiis
1414 1444 1725 1516 positorum
1762 1461 1927 1500 usum
1994 1444 2205 1502 crebra
2215 1445 2452 1515 ferire,
2492 1445 2700 1502 multum

410 1515 568 1588 falli
601 1523 758 1583 cett„
809 1511 1090 1582 explicare
1126 1513 1339 1582 studet,
1390 1531 1453 1566 ea
1490 1514 1778 1585 quomodo
1833 1514 1903 1567 ad
1985 1553 2000 1567 .
2038 1515 2080 1567 1.
2116 1511 2430 1587 quadrent,
2468 1516 2700 1587 equidem

426 1585 604 1638 fateor
650 1600 742 1636 me
790 1600 905 1643 non
952 1581 1289 1660 perspicere.
1357 1581 1578 1635 Deinde
1626 1580 1720 1634 hic
1770 1599 1888 1634 non
1934 1581 2223 1655 quaeritur
2271 1584 2346 1635 de
2392 1600 2495 1649 eo,
2543 1591 2699 1637 utrum

422 1652 589 1722 pauci
630 1668 704 1704 an
747 1650 911 1704 multi
956 1647 1186 1703 Troiani
1216 1667 1306 1711 ,ex
1364 1647 1654 1705 communi
1717 1650 1879 1705 clade
1919 1648 2250 1712 evaserint,
2314 1649 2415 1703 sed
2468 1649 2702 1704 universa

424 1737 620 1774 eorum
666 1716 892 1773 miseria
940 1724 997 1770 et
1044 1716 1326 1772 calamitas
1373 1717 1678 1786 spectanda
1717 1726 1838 1787 est,
1893 1717 1992 1790 qui
2046 1717 2184 1791 quid
2232 1716 2468 1784 saciant,
2517 1735 2620 1790 quo
2651 1736 2700 1772 se

423 1794 673 1853 vertant,
732 1783 834 1840 ubi
881 1783 1197 1855 perfugium
1251 1793 1551 1857 quaerant,
1615 1784 1892 1839 nesciunt.
1972 1786 2156 1864 Quare
2207 1784 2315 1838 hoc
2360 1803 2537 1838 unum
2573 1786 2700 1855 cupit

325 1909 328 1913 ,
425 1854 735 1920 Anchises,
786 1861 848 1905 ut
893 1870 954 1906 se
1001 1850 1271 1920 adspiciat
1298 1850 1541 1920 Iupiter,
1586 1870 1764 1923 quum
1814 1851 2228 1907 misericordiae
2276 1854 2585 1911 movendae
2622 1854 2700 1907 hic

425 1940 575 1976 uuus
609 1922 904 1988 adspectus
952 1922 1116 1990 piane
1162 1918 1416 1974 sufficiat.
1487 1923 1748 1973 Precatur
1773 1919 1976 2000 igitur:
2030 1919 2295 1990 Adspice
2325 1919 2473 1975 nos!
2516 1920 2700 1976 addens

426 1988 536 2046 hoc
583 1998 840 2054 tantum,
946 1988 1057 2041 uod
1111 2004 1228 2041 non
1273 1997 1385 2040 tam
1434 2003 1564 2040 cum
1614 1988 1848 2060 reliquis
1893 1986 2204 2043 editoribus
2254 1998 2308 2042 et
2360 1988 2548 2042 Schol.
2588 1991 2697 2043 Stat.

430 2054 615 2112 Theb.
642 2058 739 2120 xl,
773 2060 887 2110 192.
906 2005 1042 2124 ἴὲιὼί
1070 2072 1204 2109 sane
1232 2073 1347 2110 non
1375 2055 1565 2109 minus
1631 2073 1758 2109 uam
1788 2073 1878 2123 ap.
1907 2054 2106 2108 Claud.
2134 2058 2197 2109 R.
2224 2058 2377 2111 Pros.
2401 2058 2487 2122 ΙΙΙ,
2517 2060 2622 2113 299.
2641 2058 2700 2110 ad

429 2124 568 2185 Hoc
599 2133 823 2183 tantum
853 2124 1231 2194 supplendum
1270 2131 1352 2177 est
1380 2073 1643 2192 precor&
1681 2124 1936 2193 explico:
1977 2123 2086 2176 hoc
2120 2132 2364 2190 tantum,
2403 2141 2519 2177 nou
2551 2127 2697 2193 plura,

427 2192 530 2247 abs
575 2201 623 2245 te
700 2200 819 2255 eto,
866 2208 1034 2265 quam
1064 2190 1146 2244 sic
1180 2190 1399 2260 potius:
1451 2191 1560 2245 hoc
1594 2201 1810 2245 tantum
1845 2191 1975 2246 dico
2010 2191 2250 2256 (collato
2283 2194 2412 2245 loco
2448 2192 2584 2245 Aen.
2608 2195 2696 2260 lx,

427 2263 581 2326 636„
618 2208 727 2324 ιιὲἱι
745 2255 917 2312 finitis
945 2257 1172 2312 Ascanii
1196 2256 1457 2328 precibus
1484 2258 1768 2313 adduntur
1799 2256 1971 2314 verba
1997 2259 2134 2314 Hoc
2161 2266 2387 2314 tantum
2408 2259 2696 2328 Ascanius,

429 2328 551 2382 scil.
593 2326 768 2392 dixit,
821 2335 1073 2395 precatus
1109 2334 1210 2392 est,
1262 2335 1317 2381 et
1350 2343 1519 2394 supra
1554 2343 1610 2381 v.
1644 2331 1730 2383 79.
1799 2327 1937 2382 Hoc
1975 2326 2273 2397 primum,
2324 2326 2449 2380 scil.
2491 2326 2697 2392 fateor);

353 2456 363 2467 ὓ
428 2398 490 2449 u‘t
526 2395 619 2448 hic
657 2395 726 2448 sit
760 2410 987 2449 sensus:
1036 2411 1154 2448 non
1186 2411 1328 2464 opus
1365 2403 1447 2447 est
1481 2395 1664 2466 longis
1704 2392 1998 2475 precibus,
2035 2393 2237 2449 sufficit
2271 2395 2387 2467 hoc
2416 2412 2611 2461 unum,
2649 2406 2699 2450 ut

427 2481 533 2518 nos
577 2460 885 2529 adspicias,
922 2461 1217 2542 adspectus
1251 2461 1401 2516 enim
1440 2461 1559 2531 ipse
1587 2465 1790 2519 claritis
1819 2464 2112 2536 loquetur,
2151 2479 2318 2536 quam
2349 2459 2520 2516 verba
2544 2472 2700 2517 nostra

428 2539 706 2602 poterunt.
743 2531 893 2583 Loco
923 2530 993 2582 ita
1020 2532 1302 2583 intellecto
1330 2530 1466 2611 quid
1490 2531 1820 2612 languidum
1846 2541 1899 2584 et
1925 2528 2201 2585 absonum
2228 2530 2378 2597 insit,
2402 2548 2518 2584 non
2545 2531 2697 2585 video.

429 2597 739 2667 Abruptius
772 2608 958 2650 autem
998 2597 1153 2668 loqui
1191 2596 1511 2665 Anchisen,
1561 2617 1609 2654 si
1646 2598 1903 2652 affectum
1938 2597 2185 2654 hominis
2231 2607 2285 2651 et
2317 2608 2565 2666 tempus,
2608 2618 2697 2671 quo

430 2666 531 2719 has
568 2681 759 2734 preces
792 2663 951 2733 facit,
997 2664 1449 2731 consideramus,
1503 2667 1790 2720 neminem
1864 2674 2007 2720 otest
2037 2665 2337 2720 offendere.
2409 2668 2468 2720 Si
2504 2684 2623 2720 vero
2653 2670 2699 2720 in

431 2731 573 2786 cod.
619 2732 768 2785 Med.
863 2741 1120 2786 ost·voc.
1170 2749 1276 2786 nos
1322 2735 1478 2786 nulla
1528 2744 1755 2805 apparet
1804 2684 2122 2802 distinctio,
2191 2732 2394 2817 (quod
2447 2736 2695 2806 Wagner-o

427 2798 672 2858 libenter
719 2816 810 2853 cre
855 2817 920 2866 o,
969 2816 1309 2878 quamquam
1354 2798 1627 2871 Ambrog.
1681 2801 1832 2856 illius
1869 2799 2092 2855 Codicis
2140 2802 2346 2871 editio,
2397 2819 2541 2873 quae
2582 2801 2695 2855 mihi

430 2868 500 2922 ad
542 2885 742 2921 manus
776 2878 890 2933 est,
925 2866 1338 2930 distinctionem
1378 2868 1607 2936 addit),
1642 2869 1751 2922 hoc
1789 2869 2038 2939 profecto
2076 2887 2190 2922 non
2224 2872 2480 2924 muttum.
2504 2869 2693 2938 probat,

477 2953 607 2989 uum
657 2935 717 2990 in
772 2934 1153 3006 distinguendi
1205 2935 1380 3004 signis
1429 2939 1523 2990 vel
1570 2937 1776 2991 additis
1825 2937 1920 2992 vel
1965 2936 2190 2992 omissis
2223 2956 2297 2991 ne
2329 2936 2465 2990 huic
2542 2937 2696 2990 uidem
2757 2993 2758 2998 ,

430 2955 628 3061 3041503
676 3020 879 3075 magna
928 3002 1160 3056 concedi
1210 3002 1749 3072 possit,auctoritas-.
1788 3030 1855 3043 —
1917 3002 2170 3073 „haec
2219 2955 2697 3076 ominassirnm

435 3072 635 3142 [siguo
684 3072 876 3145 aliquo
925 3069 1063 3140 dato*
1099 3071 1361 3138 ostende,
1408 3069 1627 3127 bonum
1678 3072 1788 3126 hoc
1842 3089 1965 3126 esse
2012 3072 2363 3140 auspicium]
2427 3067 2702 3146 secundum

429 3142 751 3209 augustalem
788 3139 924 3193 disci
971 3139 1172 3203 linam3
1210 3140 1372 3193 docet
1407 3140 1464 3192 h.
1497 3142 1536 3192 Ι.
1572 3142 1728 3194 Serv.
1765 3139 1885 3211 [qui
1925 3140 2063 3192 haec
2099 3140 2354 3194 adnotat:
2394 3143 2556 3207 „Non
2578 3139 2702 3192 enim

433 3224 609 3260 unnim
649 3224 817 3259 omen
853 3208 907 3260 vi
956 3208 1061 3261 isse
1096 3204 1319 3272 sufficit,
1372 3207 1480 3263 nisi
1528 3207 1885 3263 confirmetur
1933 3225 2004 3259 ex
2040 3205 2229 3261 simili.
2296 3210 2438 3261 Nam
2477 3207 2522 3261 si
2562 3204 2702 3261 dissi-

432 3272 588 3329 milia
626 3282 755 3325 sunt
808 3274 1140 3341 posteriora,
1200 3276 1497 3329 solvuntur
1530 3276 1731 3346 priora.
1751 3274 1787 3302 ‘⁶
1856 3274 2044 3328 Thiel.
2082 3275 2298 3328 confert
2331 3276 2432 3330 Sil.
2471 3277 2574 3338 IV,
2610 3279 2701 3327 127.

432 3338 598 3398 adsis
644 3356 678 3392 ο
723 3340 1040 3413 firmesque
1089 3344 1261 3409 tuae,
1306 3353 1523 3412 pater,
1575 3340 1736 3398 alitis
1779 3341 2003 3408 omem]
2073 3344 2195 3396 Hoc
2230 3343 2415 3397 statim
2456 3342 2546 3410 fit,
2592 3342 2703 3395 dum

430 3410 659 3485 laevum
696 3407 1062 3463 tonatzscons.
1101 3410 1207 3525 Ods.
1242 3414 1387 3487 XX,
1425 3415 1511 3464 97.
1548 3410 1733 3491 εφῖέξ
1762 3409 1847 3490 H.
1889 3435 1959 3448 —
2025 3411 2146 3490 692.
2179 3409 2574 3490 subi-{oque
2619 3418 2703 3463 eto.

431 3478 1542 3615 3 ssffuffi¹⁶502213²3¹“s3.;2tssiznt‘tsg
1558 3478 2262 3619 ‘gossssiZ‘fflssssddussiii
2299 3477 2689 3624 {rfgsszssssffii‘i'

433 3609 727 3686 sequentia
776 3620 871 3663 aut
920 3611 1175 3663 celeriter
1220 3610 1432 3682 aliquid
1485 3612 1604 3667 fieri
1654 3614 1963 3692 indicetur,
2013 3611 2257 3684 ideoque
2302 3623 2704 3683 etiampraece-
2805 3633 2808 3656 ι

436 3677 1019 3748 dentibus‘particuiis
1052 3677 1160 3731 vix
1199 3687 1254 3730 et
1284 3696 1406 3733 una
1440 3679 1722 3735 interdum
1757 3678 1960 3762 subiici
1989 3683 2279 3750 copulam,
2315 3681 2491 3733 veluti
2520 3681 2585 3747 V,
2606 3683 2702 3736 857.

432 3749 587 3814 VIII,
625 3747 744 3802 520.
794 3750 903 3813 xl,
938 3744 1059 3801 296.
1098 3746 1257 3812 864]
1310 3783 1358 3814 „
1378 3748 1817 3818 „fragores
1863 3767 1907 3802 ¹1.
1949 3765 2003 3801 e.
2048 3747 2192 3801 coeli
2237 3748 2609 3804 confractione
2629 3746 2705 3800 vei
2807 3743 2808 3762 ³

433 3814 629 3871 fissura
676 3809 1046 3868 nubium.““
1112 3811 1342 3867 Wakef.
1393 3818 1464 3870 ad
1511 3818 1681 3872 Lucr.
1717 3819 1799 3882 V,
1834 3814 2008 3871 318.“
2048 3815 2198 3875 Wr.
2235 3846 2306 3858 —
2372 3818 2492 3872 693.
2526 3815 2703 3870 Into-

435 3882 608 3938 nuit
655 3880 966 3952 laevum.
1052 3881 1182 3936 Vid.
1224 3882 1435 3936 adnott.
1488 3885 1559 3937 ad
1607 3885 1706 3937 Ge.
1746 3885 1851 3949 IV,
1889 3888 1941 3938 7.
1989 3911 2062 3925 -—-
2125 3885 2438 3939 693-698.
2483 3877 2706 3951 „Stella

434 3952 686 4019 cadens,
740 3949 987 4009 [meteori
1034 3966 1239 4023 genus,
1304 3950 1377 4003 cf.
1422 3951 1633 4019 Spanb.
1698 3952 1770 4005 ad
1822 3950 2041 4005 Gallim.
2086 3950 2150 4004 in
2194 3953 2320 4004 Del.
2358 3954 2445 4005 38.
2494 3969 2546 4020 p.
2578 3952 2705 4014 410„

435 4034 563 4087 sup.
616 4019 715 4073 Ge.
763 4022 819 4086 I,
873 4021 993 4073 365.
1040 4035 1170 4091 sqq.
1233 4027 1350 4072 erat
1410 4019 1554 4073 inter
1614 4018 1997 4090 prognostica,
2060 4027 2117 4071 at
2175 4035 2328 4072 nunc
2389 4017 2706 4087 auspicium,

435 4092 495 4137 et
582 4084 773 4139 uidem
828 4085 992 4156 fugae
1051 4084 1459 4156 suscipiendae.
1539 4086 1871 4156 Respexisse
1936 4086 2161 4141 videtur
2223 4087 2386 4156 poiita
2431 4090 2708 4140 Homerum

435 4101 596 4234 9³²3·
646 4155 754 4221 IV,
805 4157 890 4207 75.
942 4172 1068 4228 sqq.
1138 4162 1193 4207 et
1245 4154 1432 4234 Apoll.
1481 4155 1595 4232 IV,
1639 4156 1759 4209 294.
1805 4172 1933 4227 sqq.
2027 4154 2234 4222 Mirum
2292 4163 2516 4220 tamen,
2614 4146 2707 4229 *god

436 4239 457 4274 ι
501 4238 587 4274 ms
620 4219 805 4278 fatuus
855 4221 913 4274 h.
950 4223 989 4275 1.
1035 4238 1164 4275 cum
1213 4229 1419 4284 tenitru
1468 4231 1802 4276 coniunctus
1853 4231 1940 4276 est
1986 4230 2042 4274 et
2090 4237 2217 4275 cum
2255 4222 2503 4275 sulfureo
2537 4220 2602 4273 ha

436 4236 555 4343 lieo
590 4295 810 4355 tamen,
862 4286 970 4355 nisi
1011 4288 1313 4343 admodum
1350 4288 1684 4358 improprie,
1734 4290 1806 4343 de
1843 4288 2081 4345 fulmine
2112 4287 2290 4359 accipi
2322 4287 2493 4344 stella
2524 4292 2705 4358 potest,

436 4352 721 4412 neossbene
745 4355 813 4410 ad
845 4355 1197 4424 Luciferum,
1233 4356 1473 4412 Veneris
1494 4358 1740 4424 stellam,
1777 4357 2004 4411 Aeneae
2030 4366 2419 4426 conspectam,
2455 4357 2710 4410 traxerunt

439 4424 557 4481 alii.
628 4421 765 4481 Vid.
801 4440 925 4494 sup.
963 4421 1035 4481 ad
1068 4428 1126 4494 1,
1160 4428 1282 4484 382.
1348 4427 1551 4483 Totam
1583 4424 1804 4498 augurii
1838 4425 2114 4482 rationem
2147 4441 2250 4496 por
2281 4433 2467 4497 partos
2496 4419 2710 4493 explicat
2805 4463 2808 4470 Α
