2870 4981
980 290 1391 377 AENE'mos
1450 309 1605 379 Lm.
1641 313 1691 380 1.
2125 346 2128 349 -
2414 323 2501 389 79

179 496 400 577 lulius,
447 517 485 558 a
525 515 740 577 magno
788 496 1099 558 demissum
1145 520 1352 561 nomen
1393 500 1540 565 Iulo.

175 583 354 645 Hunc
400 591 457 642 tn
503 582 636 642 olim
682 581 877 659 coelo,
925 583 1129 662 spoliis
1178 585 1434 662 Orientis
1478 595 1786 666 onustum,

174 669 453 750 Accipies
496 687 736 744 secui-213
782 668 1216 729 vocabitur-liic
1257 682 1484 751 quoque
1529 671 1704 737 votis,
2368 680 2500 750 211)

175 755 413 836 Aspera
455 762 573 813 tum
612 751 818 832 positis
866 753 1165 815 mitescent
1207 756 1443 829 saecula
1487 757 1692 836 bellist,

177 840 356 902 Cana
396 839 574 899 Fides
620 845 676 898 et
713 838 924 917 Vesta,
968 839 1155 901 Remo
1199 861 1332 902 cum
1371 841 1550 903 fratre
1596 841 1879 921 Quirinus

181 1049 244 1098 11
269 1084 285 1111 ,
328 1043 410 1096 26.
446 1041 554 1107 1V,
594 1042 692 1094 10.
732 1039 820 1091 21.
856 1056 941 1108 pr.
977 1039 1148 1092 Arch.
1186 1045 1277 1106 10,
1316 1034 1401 1094 23.
1438 1050 1542 1095 etc.
1580 1069 1649 1081 -
1716 1046 1851 1098 288.
1874 1047 2000 1107 Noli
2051 1049 2201 1103 varia
2237 1068 2494 1121 pronun-
2571 1104 2576 1108 .
2673 1088 2678 1093 ·

170 1109 377 1192 ,111111ἀί0
393 1108 609 1163 ratione
649 1108 710 1161 in
748 1107 948 1186 eodem
984 1125 1150 1188 versu
1187 1106 1354 1188 obvia
1392 1108 1636 1189 offendi:
1670 1109 1996 1196 Iulius-.—
2031 1115 2200 1187 Iia‘Io;
2237 1137 2368 1173 nam
2405 1128 2499 1179 vel

174 1189 358 1302 3⁹¹¹?
365 1176 1626 1314 ¹132¹¹¹1³3¹13¹¹23m¹²2⁰3220132„ssssss'gz'ssffiffzb
1647 1181 1832 1302 ..fatiat
1859 1200 1882 1234 ⁸
1919 1184 2332 1316 325⁹&dess
2351 1207 2497 1312 1⁰⁰?

171 1267 526 1378 Li1¹i2÷iWarii
561 1320 614 1364 et
632 1262 815 1390 ‘Cassii
842 1313 1021 1363 Parni.
1048 1311 1163 1364 vita
1192 1322 1245 1365 et
1272 1329 1503 1365 carmm.
1535 1287 1996 1381 611111111881836.
2025 1290 2080 1390 p.
2108 1272 2256 1388 3430)
2288 1275 2497 1394 ebuog

173 1385 350 1438 etiam
398 1382 461 1433 in
494 1379 698 1433 medus
730 1377 1022 1432 vocabulis
1059 1396 1159 1447 per
1194 1380 1481 1448 synizesin
1516 1381 1669 1449 fieri,
1722 1401 1891 1452 supra
1938 1389 2006 1438 ad
2044 1405 2100 1441 v.
2136 1395 2187 1441 2.
2223 1390 2494 1450 vidimus.

170 1454 267 1508 Sic
304 1450 457 1518 apud
498 1447 696 1500 Catull.
725 1447 935 1528 L·XIV,
979 1453 1063 1500 37.
1114 1467 1229 1501 uno
1280 1449 1598 1522 eodemque
1629 1468 1794 1503 versu
1837 1453 2074 1533 legimus
2107 1456 2499 1533 Pharsaljam

168 1526 420 1599 coeunt,
490 1512 818 1595 Rheni-salm-
864 1524 1014 1569 tecm
1063 1515 1475 1594 frequentant.
1563 1518 1690 1580 (cf.
1736 1517 1904 1572 Corn.
1954 1525 2172 1577 Mulieri
2226 1527 2495 1600 Spicuteg.

169 1587 504 1642 animadvv.
534 1601 589 1635 111
619 1581 819 1663 Catulli
852 1581 1035 1664 Carpi.
1065 1592 1309 1663 urnupt.
1340 1586 1455 1635 Pel.
1475 1593 1540 1663 ‘et
1565 1586 1731 1639 Thet.
1757 1587 1961 1642 Hamb.
1999 1593 2147 1669 18316.
2179 1609 2235 1660 ρ.
2270 1601 2346 1646 12.
2374 1598 2495 1669 sq.)

170 1687 240 1704 ..-
275 1657 400 1708 289.
435 1646 784 1721 „spolzzs
829 1646 1197 1728 Omentzs.
1269 1653 1424 1703 Haec
1473 1655 1565 1705 illa
1613 1663 1882 1724 perpetua
1928 1666 2218 1727 poetarum
2258 1661 2495 1728 (Horat.

170 1727 288 1780 Sat.
320 1725 402 1786 11,
441 1724 503 1786 5,
542 1722 630 1772 65.
673 1715 870 1785 W.)‚
922 1718 1194 1787 imprimis
1240 1717 1571 1791 ue·Virgilii
1620 1722 1692 1775 de
1726 1724 1966 1793 Augusti
2013 1724 2072 1779 in
2108 1728 2338 1784 Parthos
2386 1749 2495 1785 ex-

167 1790 466 1863 peditione
499 1785 851 1851 vaticinatio,
902 1786 1020 1840 vid.
1058 1787 1156 1837 Ge.
1187 1787 1205 1836 1
1247 1825 1261 1851 ‚
1305 1790 1451 1852 170.;
1500 1805 1689 1862 neque
1723 1788 1783 1843 in
1818 1809 1995 1846 unum
2029 1804 2242 1849 certum
2280 1814 2496 1854 annum
2567 1814 2572 1817 ’
2625 1834 2630 1841 »

170 1879 238 1916 ea
275 1873 481 1928 cogere
515 1870 746 1908 necesse
783 1862 894 1918 est3
944 1853 1084 1925 quin
1132 1853 1274 1906 adeo
1308 1863 1438 1906 ante
1472 1856 1629 1926 signa
1671 1876 1701 1910 a
1736 1859 1953 1912 Parthis
1976 1862 2199 1922 reddita
2239 1866 2495 1932 poe‘tirns

166 1927 394 1996 ingenii
431 1925 617 1978 servor
651 1921 791 1974 haec
833 1921 905 1973 ita
938 1930 1088 1973 recte
1123 1918 1316 1974 efferre
1353 1924 1550 1992 potuit.
1628 1926 1828 1992 [„Sed
1868 1928 2000 1982 vide
2037 1946 2109 1982 an
2144 1933 2350 1988 rectius
2387 1953 2492 1988 ex-

205 1997 456 2050 licentur
488 2009 562 2044 ex
595 1991 634 2041 1.
666 1990 817 2055 VIII,
853 1989 1195 2056 678—688.,
1233 1987 1332 2042 ubi
1371 2008 1401 2042 a
1434 2008 1491 2044 v.
1518 1994 1638 2047 685.
1673 1994 1814 2048 haec
1844 1998 2143 2067 leguntur:
2182 1998 2347 2056 Hinc
2384 2018 2495 2072 ope

165 2015 494 2120 Barbarion
535 2055 830 2127 variisque
875 2056 1173 2111 Antonius
1216 2057 1399 2112 armis
1451 2058 1518 2113 V
1512 2059 1663 2114 ictor
1709 2062 1786 2117 ab
1834 2065 2119 2119 Aurorae
2154 2067 2402 2137 populis
2434 2079 2494 2123 et

167 2132 348 2188 litore
390 2126 577 2182 rubro
628 2125 961 2194 Aeuyptum
1005 2123 1362 2197 viv-esque
1427 2122 1789 2184 Orientis
1850 2141 1905 2184 et
1962 2130 2240 2187 ultima
2300 2153 2495 2193 secum

167 2200 476 2260 Bactra
521 2167 754 2270 vehinf‘
787 2259 800 2270 ·
828 2195 982 2244 Haec
1021 2191 1213 2259 Wr.,·
1262 2202 1315 2245 et
1358 2211 1502 2249 sane
1554 2204 1868 2265 temporum
1918 2199 2057 2253 ratio
2107 2198 2265 2254 iubet
2315 2204 2388 2254 de
2426 2222 2493 2259 ea

169 2265 538 2336 expeditione
573 2271 832 2329 cogitari,
882 2278 1027 2331 quae
1075 2277 1125 2310 a.
1167 2279 1222 2312 11.
1258 2261 1379 2312 724.
1417 2260 1489 2313 ab
1527 2263 1784 2333 Aegypto
1819 2283 1921 2336 per
1955 2267 2172 2335 Syriam
2209 2278 2266 2322 et
2295 2271 2492 2329 Asiam

167 2331 453 2389 minorem
486 2330 626 2381 sacta
653 2337 748 2382 est.
817 2331 902 2381 De
927 2326 1081 2388 bello
1106 2327 1361 2381 Parthico
1387 2347 1439 2381 a.
1462 2329 1581 2383 734.
1611 2343 1870 2402 suscepto
1900 2333 2184 2402 prioribus
2203 2337 2495 2394 Aeneidos

166 2403 331 2458 libris
368 2382 862 2453 nondumkermov
884 2413 1007 2450 esse
1043 2404 1244 2476 potest.
1315 2397 1449 2461 vid.
1484 2400 1738 2452 Prooem.
1775 2402 1844 2453 ad
1883 2404 2018 2455 Geo.
2060 2419 2114 2470 p.
2156 2407 2276 2459 205.
2313 2423 2398 2478 sq.
2436 2416 2494 2461 et

170 2471 495 2526 Comment.
541 2464 615 2518 de
662 2465 781 2519 vita
826 2461 1287 2535 carminibusque
1322 2464 1479 2535 Virg.
1547 2468 1664 2520 Nec
1708 2467 1928 2537 minus,
1981 2488 2128 2540 quae
2174 2473 2371 2526 Burm.
2417 2474 2491 2534 ad

167 2542 227 2597 h.
254 2543 294 2592 l.
325 2537 591 2605 disputat,
618 2544 680 2586 ut
709 2535 963 2588 conseras
990 2532 1247 2598 suadeo-J
1280 2562 1350 2574 -
1375 2551 1674 2604 secura,
1707 2537 1937 2591 nemine
1966 2538 2367 2609 intercedente,
2390 2544 2496 2604 qu-⁸

166 2624 324 2665 none
355 2607 608 2674 placata„
670 2600 1074 2656 Vocabitur
1095 2601 1275 2655 votis
1288 2638 1312 2669 ,
1351 2605 1634 2670 praeclare
1660 2604 1905 2661 honores
1935 2606 2160 2660 divinos
2191 2607 2488 2668 habendos

163 2679 430 2747 Augusto
464 2670 737 2736 ostendit,
772 2680 834 2723 ut
869 2671 968 2722 Ge.
997 2672 1038 2734 Ι,
1075 2669 1162 2720 42.
1197 2697 1267 2710 --
1333 2673 1453 2725 291.
1488 2670 1809 2724 Adlanum
1845 2676 2097 2729 clausum
2137 2676 2204 2727 V.
2241 2675 2304 2733 C.
2344 2683 2487 2748 725„

166 2754 227 2801 et
275 2757 491 2813 pacem¹
523 2755 623 2808 per
671 2747 934 2792 terrarum
994 2734 1195 2802 orbem
1246 2737 1557 2793 restitutam
1608 2749 1758 2793 recte
1802 2740 2054 2795 refertur.
2139 2745 2251 2797 Nec
2300 2755 2490 2801 tamen

163 2812 309 2869 hinc
343 2806 587 2878 probare
623 2806 826 2878 aliquis
860 2804 1155 2927 suscipiat,
1194 2804 1302 2859 hoc
1338 2805 1460 2875 ipso
1498 2824 1647 2861 anno
1683 2808 1926 2877 primum
1963 2811 2234 2865 Aeneidis
2273 2809 2489 2868 librum

163 2899 296 2935 esse
328 2875 621 2944 scriptum.
658 2905 727 2915 —-
765 2889 996 2928 saecu
1047 2890 1086 2926 a
1136 2888 1415 2942 aspera
1448 2874 1843 2930 mitescent
1929 2885 2150 2947 tempus
2203 2880 2341 2933 illud
2383 2882 2489 2935 erit

165 2957 464 3019 pacatum,
509 2941 681 2997 finitis
726 2942 912 2995 bellis.
982 2938 1276 2994 Tribuitur
1326 2942 1563 3011 tempori
1581 2975 1602 3001 ,-
1648 2945 1801 3015 quod
1891 2944 2145 2999 ominum
2196 2948 2356 3002 est.*'‘
2393 2948 2482 3004 HJ.

165 3015 260 3070 Cf.
299 3015 512 3067 adnott.
565 3011 635 3063 ad
673 3012 771 3063 Ge.
797 3014 851 3077 I,
885 3009 1007 3063 468.
1058 3017 1110 3060 et
1144 3011 1221 3074 Π,
1256 3013 1375 3064 295.
1414 3040 1484 3050 --
1550 3012 1847 3066 292—296
1902 3012 2148 3078 „Fidem
2185 3014 2296 3082 ait,
2348 3016 2487 3068 reli-

164 3085 372 3157 giones
409 3069 615 3149 patrias
655 3089 710 3131 et
744 3077 1098 3132 concordiam
1119 3114 1136 3141 ,
1170 3076 1455 3131 exstinctis
1490 3077 1658 3133 bellis
1692 3088 1746 3131 et
1780 3079 2103 3144 discordiis,
2145 3098 2324 3161 remp.
2361 3100 2488 3137 essa

161 3157 596 3220 temperaturas.
729 3146 755 3199 ἰ
767 3147 810 3199 d
821 3163 893 3199 es
914 3162 1133 3210 cana,
1165 3145 1375 3213 prisca,
1403 3145 1661 3217 antiqua,
1689 3147 1872 3218 qualis
1901 3148 2170 3200 maiorum
2206 3149 2367 3203 siut.“
2391 3150 2481 3206 H.

166 3221 390 3289 Eadem
424 3215 497 3268 de
534 3231 600 3267 ca
791 3232 880 3266 en.
915 3215 1004 3280 V,
1041 3213 1160 3267 744.
1239 3211 1423 3267 Vesta
1470 3212 1796 3267 nominatur
1843 3230 2027 3284 cana,
2079 3225 2132 3268 et
2173 3215 2417 3273 Veritas
2451 3235 2485 3272 a

159 3290 429 3342 Varrone
460 3284 608 3351 apud
650 3323 669 3344 „
778 3281 890 3333 ium
921 3283 1016 3346 IV,
1043 3282 1127 3333 25.
1196 3281 1386 3334 Minus
1416 3289 1571 3333 'recte
1604 3282 1888 3336 Schirach.
1924 3299 1979 3352 p.
2011 3286 2130 3337 352.
2170 3285 2482 3352 (Acronem

162 3352 444 3419 secutus)
496 3353 607 3404 hoc
661 3350 945 3420 epitheton
996 3349 1309 3419 intelligere
1357 3346 1612 3416 videtur,
1662 3349 1755 3403 cui
1800 3367 1950 3405 cana
2003 3352 2152 3405 idem
2211 3357 2482 3422 estquod

162 3422 346 3479 alba:
389 3438 563 3487 „nam
594 3419 776 3484 Fides,
806 3417 1007 3489 inquit,
1040 3416 1170 3470 albo
1204 3419 1388 3471 velata
1412 3434 1601 3485 panno
1636 3417 1863 3473 incedit.
1901 3422 2036 3473 Hor.
2066 3421 2174 3474 Od.
2201 3423 2242 3486 l,
2276 3427 2361 3488 35,
2394 3427 2484 3479 22,

160 3502 218 3548 et
250 3488 392 3545 albo
428 3486 610 3541 Fides
633 3485 824 3540 velata
848 3484 1131 3564 panno.“
1198 3485 1363 3537 Fides
1395 3493 1581 3537 autem
1606 3488 1780 3539 Roma
1881 3486 2137 3540 olebatur
2170 3488 2230 3540 in
2262 3492 2484 3559 templis

162 3576 197 3613 a
231 3562 422 3611 Numa
455 3554 732 3623 Pompilio
770 3557 973 3618 (Dion.
1009 3554 1138 3604 Hal.
1166 3554 1231 3605 11.
1267 3554 1446 3619 extr.)
1497 3561 1550 3605 et
1597 3554 1668 3605 ab
1709 3555 1776 3606 At
1847 3552 1899 3607 io
1935 3555 2185 3608 Calatino
2222 3556 2376 3622 (Cic.
2412 3560 2480 3609 N.

159 3630 236 3682 D.
267 3630 337 3692 11,
375 3621 504 3691 23.)
538 3622 847 3676 exstructis.
887 3650 956 3660 --
995 3619 1265 3688 Vesta,
1301 3617 1514 3686 Ἐστία,
1551 3622 1773 3675 Saturni
1810 3630 1863 3675 et
1899 3623 2083 3675 Rheae
2118 3622 2257 3686 suia,
2296 3633 2482 3679 custos

161 3698 474 3750 domorum
512 3699 570 3744 et
613 3689 931 3754 civitatum,
984 3688 1383 3753 (concordiae,
1435 3688 1744 3742 securitatis
1791 3689 2088 3759 publicae)
2139 3689 2314 3757 patria
2366 3703 2482 3746 erat

160 3749 557 3816 Rdmanorum
604 3760 739 3825 dea,
792 3757 952 3810 cuius
994 3759 1206 3810 cultum
1253 3756 1707 3828 antiquissimum
1743 3761 1921 3809 Numa
1979 3757 2209 3810 Lavinio
2247 3759 2478 3813 Romam
2569 3769 2572 3772 '

159 3829 473 3891 transtulit.
546 3827 750 3893 (Dion.
785 3828 1017 3891 Ha1.11,·
1052 3828 1103 3878 8.
1140 3824 1262 3878 Liv.
1297 3828 1348 3881 Ι,
1392 3828 1473 3876 20.
1527 3824 1695 3878 ovid.
1736 3828 1878 3880 Fast.
1917 3828 2021 3889 tl,
2060 3828 2177 3876 269.
2220 3822 2378 3892 alii.)
2412 3857 2481 3870 ...-

161 3938 201 3967 „
221 3898 376 3952 Cum
437 3896 527 3950 his
579 3891 871 3948 Romulus
934 3902 990 3945 et
1033 3892 1254 3946 Remus
1309 3891 1488 3945 iura
1554 3892 1872 3960 dabunt,
1942 3893 2177 3960 imperio
2218 3894 2479 3947 Romano

161 3974 508 4037 praeerunt,
556 3980 673 4017 18111
726 3965 1032 4014 Romanam
1082 3958 1416 4025 tuebuntur3
1468 3959 1676 4013 redibit
1726 3979 1815 4014 res
1864 3962 1932 4012 ad
1986 3958 2273 4028 pristinam
2323 3960 2476 4015 iliam

156 4044 489 4104 temporum
529 4031 872 4085 sanctitatem
910 4036 965 4081 et
999 4028 1365 4100 integritatem
1387 4068 1401 4093 ,
1441 4045 1585 4099 quae
1622 4038 1897 4090 8181111118
1932 4024 2294 4096 parricidium
2322 4030 2478 4085 Remi

163 4121 195 4157 a
227 4103 481 4156 Romulo
521 4097 904 4153 commissum.
925 4097 961 4124 “
993 4096 1081 4151 H.
1155 4099 1319 4147 Hunc
1354 4097 1541 4147 locum
1577 4097 1747 4149 Bach.
1787 4098 1853 4147 ad
1894 4096 2059 4149 Ovid.
2097 4097 2229 4148 Met.
2260 4100 2316 4162 I,
2357 4105 2475 4158 217,

163 4180 385 4224 temere
420 4165 679 4235 adiungit
711 4165 807 4231 iis,
845 4166 904 4218 in
940 4162 1148 4237 quibus
1175 4164 1290 4216 duo
1323 4162 1553 4216 nomina
1589 4180 1690 4233 per
1736 4181 1988 4232 praepos.
2026 4180 2155 4215 cam
2178 4166 2475 4220 coniuncta

160 4242 439 4319 sequatur
473 4232 709 4306 pluralis
741 4232 902 4286 verbi
939 4249 1203 4285 numerus
1238 4229 1379 4303 (qua
1416 4231 1488 4283 de
1518 4250 1579 4285 re
1606 4232 1930 4284 conferendi
1959 4233 2008 4283 V
2015 4230 2078 4282 iri
2116 4233 2293 4299 docti,
2376 4250 2475 4288 uos

150 4308 351 4359 ,Kritz
388 4304 457 4358 ad
494 4304 628 4356 Sall.
662 4300 780 4355 Cat.
805 4302 888 4367 43,
919 4306 967 4354 1.
1001 4299 1315 4366 laudavit):
1353 4299 1603 4369 neglexit
1636 4299 1787 4351 enim
1827 4299 1921 4352 vir
1957 4300 2199 4364 doctiss..
2234 4317 2334 4353 ver
2381 4318 2476 4354 um

161 4372 394 4428 dabunt
427 4372 595 4427 etiam
632 4369 701 4423 ad
731 4367 933 4424 Fidem
970 4379 1024 4422 et
1057 4365 1295 4422 Vestam
1320 4383 1443 4421 esse
1478 4367 1853 4420 referendum.
1921 4370 2113 4440 Neque
2148 4368 2203 4419 id
2241 4370 2477 4422 omnino

161 4457 372 4498 verum
407 4450 521 4508 est,
567 4438 726 4514 quod
767 4439 937 4493 Bach.
970 4435 1112 4493 ibid.
1138 4437 1341 4504 docet,
1393 4434 1453 4491 in
1489 4433 1767 4491 eiusmodi
1800 4435 1980 4505 locis,
2012 4435 2194 4508 qualis
2227 4435 2321 4491 hic
2356 4446 2471 4501 est,
