2870 4981
355 291 536 362 23⁶⁰
713 290 789 359 Ρ.
829 285 1168 358 vmemn
1205 283 1583 355 monis
1631 285 2047 360 mutuos
2087 286 2249 368 Lm.
2285 237 2391 359 iu.

401 482 555 546 Fata
593 481 938 544 renarrabat
974 478 1204 558 divum,
1247 497 1454 541 cursus
1495 498 1568 539 ue
1607 478 1869 543 dooebat.

405 565 697 629 Conticuit
735 568 964 628 taudem
983 612 1002 645 ,
1045 563 1310 646 factoque
1350 498 1606 626 bieqfiae
1647 563 1883 646 quievit.

1228 733 1249 758 N

403 783 672 841 intentos.
690 783 730 813 “
761 782 850 842 H.
886 811 958 827 -·
1021 788 1145 841 717.
1170 784 1359 856 fata
1392 780 1679 853 divam,
1717 778 1760 840 i.
1796 799 1854 839 e.
1892 798 1927 836 a
1961 780 2072 839 diis
2105 782 2446 854 constituta,
2479 784 2702 859 decreta,

403 863 469 906 ut
502 856 576 919 Π,
615 853 705 909 54.
755 861 812 905 et
859 854 971 920 VI,
1005 854 1128 909 376.
1166 852 1317 921 fata
1365 853 1571 922 deum5
1629 869 1749 906 non
1796 860 1985 905 autem
2031 851 2105 906 de
2149 852 2285 908 solis
2334 854 2627 912 vaticiniis
2664 869 2706 916 et

404 919 645 977 oraculis
692 936 759 974 oo
800 920 1076 976 itandum.
1148 921 1252 975 W.
1303 919 1524 975 confert
1557 919 1734 990 Soph.
1768 918 1965 992 Antig.
1999 923 2120 976 158.
2167 924 2298 975 ,θεαῖν
2331 925 2623 993 συντυχίαι.
2653 957 2705 969 -

404 1004 745 1046 renarra
808 998 920 1059 at,
991 986 1274 1043 narrando
1319 988 1485 1062 quasi
1537 987 1739 1042 iterum
1787 987 2156 1057 transigebat,
2219 991 2315 1045 vel
2362 1001 2529 1062 certe
2574 993 2704 1064 anis,

405 1072 554 1130 quae
587 1056 709 1128 ipse
741 1074 1037 1128 perpessus
1072 1065 1220 1121 erat,
1267 1054 1377 1110 fata
1410 1053 1883 1125 repraesentabat.
1957 1055 2050 1110 Sic
2084 1055 2254 1118 Ovid.
2294 1059 2444 1113 Met.
2483 1060 2572 1126 V,
2602 1063 2703 1121 635.

405 1124 583 1180 citius
594 1163 619 1195 ‚
708 1141 843 1179 uam
886 1141 1043 1180 nunc
1084 1122 1194 1178 tibi
1224 1126 1407 1195 facta
1449 1140 1737 1191 renarro,
1794 1122 1868 1177 In
1911 1120 2139 1179 laticem
2180 1134 2416 1194 mutor,
2473 1127 2576 1182 ubi
2606 1129 2703 1188 vid.

405 1193 581 1249 Bach.
709 1191 810 1246 libi
847 1194 999 1246 valet
1023 1207 1215 1246 rursus
1250 1208 1508 1256 narrare,
1538 1191 1912 1247 veluti‘Ovid.
1944 1193 2078 1247 Met.
2110 1194 2219 1257 VI,
2250 1196 2379 1249 316.
2427 1194 2628 1250 Claud.
2651 1199 2705 1254 B.

410 1260 537 1316 Get.
566 1262 691 1316 621.
731 1261 866 1316 Stat.
903 1257 1225 1330 Theb-111,
1259 1260 1381 1315 400.
1420 1263 1551 1326 XII,
1590 1263 1712 1316 390.
1736 1268 1921 1328 ncett.;
1967 1277 2072 1314 nus
2117 1277 2243 1313 nam
2286 1272 2489 1316 autem
2525 1279 2704 1319 reum·-

407 1342 554 1383 rare
596 1329 751 1382 idem
795 1345 919 1382 esse
952 1336 1134 1397 potest
1170 1328 1325 1401 quod
1361 1326 1601 1398 simplex
1627 1343 1904 1381 narrare.
1941 1356 2012 1369 —
2136 1344 2389 1397 acere,
2437 1340 2505 1384 ut
2539 1332 2703 1389 Graec.

404 1395 665 1463 διδάσκειν,
700 1413 803 1464 pro
836 1393 1049 1450 certum
1081 1394 1263 1449 facere
1289 1395 1533 1479 aliquem
1559 1395 1629 1447 de
1658 1396 1845 1467 aliqua
1871 1412 1951 1462 re,
1987 1396 2245 1450 nuntiare
2274 1397 2455 1451 alicui
2493 1399 2704 1472 aliquid.

409 1492 480 1506 —-
513 1466 890 1533 718.,facto
969 1461 1089 1517 ine
1175 1462 1442 1517 uievtt.
1519 1459 1634 1523 W.
1671 1462 1812 1515 haec
1847 1463 2106 1517 adnotat:
2142 1466 2571 1539 „Quamquam
2601 1485 2704 1521 ret-

408 1528 552 1585 bum
597 1529 814 1604 quievit
858 1548 889 1583 a
1022 1480 1226 1585 uiegem
1271 1529 1606 1596 narrationis
1656 1529 1850 1584 referri
1899 1540 1953 1583 et
2001 1547 2102 1599 pro
2139 1532 2305 1586 desiit
2348 1534 2526 1607 loqui
2559 1535 2706 1604 accipi

410 1609 625 1669 potest,
679 1597 754 1653 cs.
792 1599 940 1654 Aen.
1025 1601 1077 1664 1,
1120 1603 1238 1653 102.
1286 1597 1505 1655 rabida
1550 1615 1662 1653 ora
1715 1597 2024 1672 quierunt,
2076 1600 2343 1673 equidem
2391 1610 2622 1671 tamen,
2660 1613 2705 1658 ut

409 1666 714 1737 tautologia
762 1677 959 1723 versus
1006 1665 1309 1733 liberetur,
1365 1675 1542 1740 utque
1587 1665 1810 1719 initium
1861 1665 1994 1720 libi-i
2043 1669 2142 1722 IV'.
2226 1667 2316 1723 At
2364 1668 2588 1750 regina
2628 1668 2702 1724 fini
2792 1725 2795 1742 ,

412 1735 561 1789 tertii
609 1734 936 1801 conveniat,
984 1732 1200 1809 quievit
1245 1733 1611 1804 interpretor:
1662 1739 1863 1788 somno
1920 1752 1980 1789 se
2030 1733 2288 1802 tradidit3
2341 1756 2456 1811 qm
2507 1737 2702 1810 quidem

411 1816 615 1857 sensus
666 1819 764 1856 cur
810 1801 935 1857 aliis
967 1801 1213 1857 ieiunior
1244 1801 1401 1857 visus
1435 1802 1536 1867 sit,
1589 1818 1682 1855 me
1716 1801 1974 1868 ignorare
2007 1801 2267 1869 fateor;“
2317 1804 2419 1858 cui
2459 1804 2702 1874 interpre-

412 1870 609 1924 tationi
658 1870 781 1922 iure
822 1870 1150 1925 adversatur
1196 1869 1361 1936 Wr.,
1435 1870 1648 1923 nullam
1697 1868 1792 1923 hic
1838 1883 1961 1925 esse
1995 1870 2354 1943 tautologiam
2404 1875 2700 1940 ostendens,

414 1954 591 2010 quum
622 1938 797 2007 facto
840 1938 969 2004 fine
1010 1935 1221 2011 quievit
1268 1936 1315 1991 si
1357 1936 1577 1992 nifioet:
1649 1936 1950 2059 „tgtnieviss
2011 1938 2222 2011 quippe
2270 1940 2385 1993 iam
2445 1942 2521 1994 ad
2566 1940 2700 1993 finem

412 2004 748 2059 narrationis
780 2022 881 2075 pro
922 2005 1188 2070 ressus“;
1244 2022 1304 2059 se
1399 2005 1485 2058 illi
1537 2005 1553 2057 i
1599 2004 1644 2059 si
1678 2025 1708 2059 a
1754 2005 1909 2058 lativi
1944 2005 2187 2061 absoluti
2220 2017 2283 2061 ut
2313 2008 2371 2061 id
2417 2007 2700 2078 exprimere

414 2073 664 2142 possint,
697 2073 850 2154 quod
921 2072 1143 2140 ebeant,
1171 2072 1314 2127 facto
1340 2089 1541 2131 narran
1588 2074 1605 2126 i
1634 2072 1778 2141 fine,
1806 2074 2229 2145 adiungendum
2255 2076 2441 2130 fuisse
2481 2075 2698 2142 verbum,

416 2142 574 2214 quod
598 2150 882 2199 commeat
904 2139 1202 2199 narrandi
1223 2140 1544 2211 notionem,
1572 2143 1740 2218 quale
1763 2140 1834 2200 sit
1858 2141 2102 2218 quievit,
2128 2141 2172 2218 i.
2201 2161 2256 2201 e.
2282 2161 2525 2201 narrare
2549 2144 2697 2201 desiit.

1385 2353 1420 2376 ιθ
