2870 4981
1068 319 1154 429 lN
1218 320 1671 391 AENEmEM.
1786 345 1794 351 ·
2037 328 2046 333 ’
2235 354 2242 361 ·
2469 328 2516 393 9

216 500 439 595 suisque
483 508 860 612 popularibus
903 509 1156 575 tribuere
1197 511 1471 577 debuisse
1489 561 1507 593 ‚
1571 519 1672 576 ιιιιι
1712 511 1988 577 saltem
1967 538 2029 577 ιιι
2074 515 2356 598 opinione
2384 516 2525 581 eius

216 597 473 680 temporis
516 597 800 660 co'nunuui
850 598 1288 662 excusationem
1323 600 1576 677 habere,
1640 619 1816 680 quum
1857 601 1933 662 ad
1975 610 2176 664 artem
2204 611 2440 685 poene
2450 613 2512 667 et

213 688 281 749 ad
319 683 594 746 maiorem
648 682 950 750 carminis
979 683 1335 747 suavitatem
1364 685 1656 765 pertinere
1695 686 2059 763 crederetur,
2117 688 2169 748 si
2216 688 2396 752 muln
2435 709 2514 752 ex

215 769 446 834 Graecis
502 777 698 830 esseut
767 776 1055 849 expressa
1110 769 1206 832 vel
1280 771 1644 834 adumbrata.
1720 804 1799 817 —
1903 770 2154 833 Romani
2215 773 2515 837 literarum

213 856 409 918 lumen
438 873 475 914 a
508 852 752 916 Graecis
794 863 1171 934 ιιοοιιρειιιιιις
1215 870 1539 917 sermenem
1582 875 1753 917 suum
1784 857 1858 917 ad
1888 853 2116 917 Graeca
2148 859 2515 939 expolieraut

215 951 272 1005 et
314 938 756 1020 locupletatam,
817 959 895 1001 ex
939 938 1181 1005 Graecis
1238 939 1412 1022 primi
1464 948 1672 1020 poetae
1729 940 1993 1019 fabulas,
2054 960 2195 1003 mox
2246 953 2305 1005 et
2346 943 2515 1025 cpica

216 1024 457 1089 carmina
494 1031 931 1103 converterant3
989 1027 1063 1085 ad
1108 1024 1333 1087 Graeca
1357 1025 1648 1125 ‘exempla
1690 1045 1756 1087 se
1800 1036 2246 1119 composuerant
2279 1028 2355 1107 ii,
2414 1030 2515 1110 qni

209 1108 368 1192 primi
410 1107 736 1189 elegantiae
793 1117 851 1171 et
889 1110 1178 1172 venustati
1223 1109 1506 1171 orationis
1547 1112 1916 1176 studuerant.
1977 1110 2330 1174 Perlustret
2371 1113 2516 1175 milii

209 1193 410 1276 aliquis
452 1203 711 1256 veterum
748 1200 1046 1275 poetarum
1076 1204 1210 1257 ante
1233 1194 1546 1276 Virgilium
1586 1196 1952 1277 fragmenta,
1992 1195 2278 1277 imprimis
2308 1193 2536 1278 Ennii,

205 1280 473 1362 pleraque
515 1300 593 1340 ex
628 1279 852 1341 Graeoe
895 1278 1090 1361 aliquo
1132 1286 1304 1360 poeta
1336 1290 1435 1342 ant
1466 1281 1678 1353 Latine
1719 1301 2002 1362 expressa
2051 1291 2151 1343 ant
2193 1282 2514 1345 imitatione

176 1367 540 1427 adumbrata
597 1364 812 1426 videbit
854 1362 955 1445 ᾗ).
1058 1364 1256 1426 Etiam
1315 1365 1558 1428 Plautus
1615 1386 1685 1427 ac
1726 1365 2039 1427 Terentius
2095 1367 2194 1427 toti
2251 1367 2373 1429 sere
2435 1374 2515 1429 ex

209 1449 442 1514 Graecis
500 1448 595 1511 vel
638 1451 712 1510 ad
758 1449 1015 1525 Graecos
1078 1449 1392 1531 comparati
1455 1460 1514 1512 et
1573 1450 1862 1513 constituti
1918 1460 2075 1516 siunt.
2159 1452 2262 1513 Ex
2301 1453 2513 1515 multis

203 1535 601 1615 scriptorum,
627 1534 909 1615 imprimis
943 1520 1278 1614 Ciceronis,
1324 1534 1470 1601 locis
1519 1535 1705 1597 notior
1734 1555 1831 1597 res
1865 1545 1985 1613 est,
2035 1557 2207 1616 quam
2251 1546 2314 1598 ut
2341 1537 2515 1619 plura
2569 1543 2576 1550 '

183 1622 277 1689 de
314 1640 385 1681 ea
443 1621 728 1681 monenda
771 1619 908 1683 sint.
1007 1619 1244 1721 1..,ιιιιμιιι
1307 1618 1415 1682 etsi
1461 1620 1689 1681 exculto
1733 1619 1851 1681 iam
1905 1627 2170 1683 sermone
2197 1621 2514 1701 Manno,

200 1704 559 1786 etplurihus
588 1704 982 1765 Romanorum
1025 1704 1389 1782 ingeniorum
1428 1705 1644 1767 fetibus
1689 1705 1752 1766 in
1795 1705 1981 1767 lucem
2024 1706 2274 1784 eductis,
2320 1716 2513 1768 tamen

200 1810 271 1851 ne
321 1791 432 1851 sub
477 1789 743 1870 Augusto
807 1789 1033 1869 quidem
1086 1752 1425 1852 destiterunt
1484 1790 1694 1852 summi
1736 1790 1847 1852 viri
1903 1789 2142 1852 Graeca·
2188 1790 2512 1871 exprimere

197 1874 436 1953 Latino,
493 1895 625 1936 cum
684 1874 926 1936 Graecis
978 1885 1180 1937 ornatu
1214 1883 1499 1954 certare,
1560 1895 1760 1937 eorum
1818 1874 2053 1936 inventa
2111 1896 2222 1936 sua
2276 1876 2513 1956 facere,

199 1959 538 2041 praesertim
595 1959 645 2019 si
696 1980 899 2021 novum
945 1960 1218 2022 carminis
1261 1980 1450 2040 genus
1505 1960 1565 2022 in
1609 1960 1908 2022 Romanas
1965 1959 2166 2022 literas
2209 1960 2513 2026 inferrent.

195 2044 423 2125 Horatii
499 2044 725 2125 quidem
785 2045 1044 2106 carmina
1111 2045 1385 2126 pleraque
1447 2066 1525 2108 ex
1581 2044 1821 2108 Graecis
1880 2045 2113 2126 Lyricis
2173 2049 2516 2108 adumbrata
2564 2052 2570 2056 ’

197 2148 323 2192 esse
381 2128 580 2190 nullus
625 2127 854 2208 dubito,
915 2130 1372 2212 quandoquidem
1429 2131 1583 2192 inter
1643 2140 1759 2192 tam
1822 2151 2008 2212 pauca
2061 2130 2393 2210 fragmenta
2434 2152 2516 2194 ex

192 2213 318 2279 istis
359 2214 570 2296 lyricis
612 2224 847 2275 servata
876 2214 979 2276 vix
1025 2236 1196 2276 unum
1239 2225 1298 2278 et
1336 2215 1584 2276 alterum
1610 2225 1729 2294 est,
1774 2215 1937 2277 cuins
1980 2237 2094 2276 non
2135 2216 2517 2278 imitationem

191 2299 562 2365 abnez-antio
604 2300 818 2360 factam
859 2299 1118 2361 excitare
1142 2300 1389 2380 ,possi83
1453 2301 1589 2380 quid
1628 2300 1810 2380 igitur
1850 2301 2103 2362 futurum
2148 2300 2512 2380 putabimus,

190 2385 249 2449 ei
275 2384 536 2467 Lyricos
581 2383 836 2445 Graecos
877 2384 1140 2463 integros
1183 2404 1314 2446 cum
1342 2384 1587 2447 Horatio
1630 2405 1967 2465 comparare
2007 2382 2208 2446 liceret
2223 2385 2255 2445 ’ἔ
2311 2384 2515 2466 Neque

189 2470 359 2534 aliter
421 2490 497 2533 se
552 2490 672 2532 rem
734 2469 796 2531 in
840 2468 1108 2550 Catullo,
1168 2469 1506 2552 Propertio,
1570 2468 1812 2547 Ovidio,
1878 2468 2125 2551 aliisque
2182 2469 2514 2532 habituram

190 2550 320 2619 esse
380 2558 625 2618 credere
681 2555 777 2617 fas
831 2565 955 2634 est,
1019 2556 1072 2617 si
1130 2555 1343 2618 Graeci
1384 2555 1708 2635 Elegorum
1761 2554 2106 2634 scriptores,
2167 2556 2515 2635 praesertim

186 2639 581 2703 Alexandrini
641 2648 880 2720 poetae,
937 2642 1123 2701 adhuc
1182 2649 1499 2705 exstarent.
1601 2640 1751 2717 Quis
1810 2639 1991 2719 igitur
2042 2638 2352 2718 Virgilium
2414 2660 2524 2701 re-r
2577 2691 2585 2716 ,

186 2726 548 2807 prehendat,
610 2727 793 2805 qnod,
855 2725 1217 2805 popularium
1259 2746 1493 2787 suorum
1536 2745 1806 2803 sensnm,
1868 2723 2139 2785 iudicium
2182 2745 2253 2784 ac
2293 2744 2517 2786 morem

185 2818 466 2888 sectans,
517 2818 695 2871 totum
725 2829 791 2871 se
835 2812 907 2871 ad
944 2810 1198 2873 Graecos
1232 2818 1435 2892 poetas
1465 2809 1525 2870 in
1558 2809 1909 2873 carminibus
1949 2808 2075 2870 suis
2106 2808 2516 2908 exprimendos

186 2894 522 2976 applicuit‘3
564 2894 734 2956 Nova
777 2897 1049 2958 accedere
1093 2896 1392 2958 videbatur
1416 2894 1738 2976 voluptas
1784 2912 1933 2975 quae
1974 2893 2409 2956 delectationem
2450 2894 2514 2954 in

182 2981 375 3044 maius
422 2990 662 3043 auctam
704 2979 973 3064 afferret,
1018 2979 1071 3042 si
1102 2981 1404 3066 praeclara
1449 2990 1506 3040 et
1548 2979 1748 3042 suavis
1784 2978 2068 3040 sententia
2101 2977 2271 3039 simul
2303 2978 2516 3039 Graeci

179 3064 297 3132 loci
337 3065 811 3128 recordationem
856 3065 1108 3144 faceret,
1151 3068 1300 3128 unde
1342 3074 1500 3128 esset
1535 3085 1837 3145 expressa.
1921 3064 2123 3142 ltaque
2167 3062 2227 3122 in
2258 3061 2515 3125 Aeneide

181 3151 351 3232 pauci
400 3161 551 3213 sunt
591 3171 781 3213 mores
816 3170 920 3212 sen
962 3151 1362 3252 cliaracteres‚
1409 3150 1512 3213 vix
1542 3150 1721 3211 ullum
1760 3150 1973 3210 factum
2024 3146 2363 3225 notabilius,
2408 3147 2516 3209 vix

179 3234 342 3298 locus
410 3234 638 3316 aliquis
700 3236 1119 3316 praestantior,
1196 3236 1261 3297 iu
1320 3257 1432 3317 qno
1506 3257 1623 3297 nou
1694 3241 1899 3315 poetae
1955 3233 2201 3295 alicuius
2265 3232 2513 3312 Graeci,
2565 3289 2572 3294 .

182 3319 545 3400 praesertim
585 3319 825 3381 Homeri
855 3320 1106 3401 vestigia
1147 3341 1462 3400 agnoscas.
1546 3319 1663 3381 Sed
1695 3319 1757 3380 in
1801 3320 1996 3379 eadem
2041 3318 2293 3380 Aeneide
2335 3317 2514 3382 multo

176 3406 510 3476 doctiorem
572 3415 629 3465 et
687 3404 1135 3484 ingeniosior-em
1188 3405 1535 3467 imitatorem
1597 3422 1908 3485 agnoscas
1941 3403 2143 3480 facile,
2221 3422 2393 3484 quam
2453 3403 2517 3463 in

138 3556 145 3560 ,
178 3489 526 3569 Βιιοοῐίυἰε,
571 3490 634 3550 in
665 3491 872 3571 quibus
915 3490 1094 3553 ιιιιιΙιιι
1123 3493 1343 3589 passim
1388 3490 1581 3550 aliena
1608 3510 1645 3550 a
1675 3509 1866 3551 rernm
1907 3489 2170 3550 veritate
2192 3497 2248 3549 ct
2290 3487 2518 3548 ratione

177 3573 568 3652 notavimus,
622 3584 701 3660 et
734 3575 852 3635 alia
903 3575 1077 3637 facile
1135 3574 1324 3638 notari
1382 3583 1661 3655 possunt,
1721 3573 1782 3634 in
1840 3593 1987 3654 qnae
2041 3581 2211 3653 poeta
2252 3570 2520 3634 imitandi

172 3662 366 3724 studio
399 3655 631 3742 parum
655 3660 850 3720 subtili
878 3660 1107 3739 incidit,
1152 3670 1213 3722 ut
1242 3681 1416 3742 quum
1445 3671 1643 3740 pastor
1663 3658 1948 3720 indoctus
1962 3652 2518 3741 (Ecl.1,p3.66.)

178 3742 473 3809 Ararim
524 3754 584 3806 et
631 3743 884 3805 Ocra-em
924 3755 1232 3822 memorat,
1294 3755 1394 3807 aut
1447 3745 1509 3806 in
1549 3744 1670 3807 illis
1716 3737 2253 3839 (Ecl.11‚25.):
2314 3762 2519 3823 nuper

177 3850 273 3892 ue
312 3828 395 3893 in
443 3828 653 3891 litore
695 3827 861 3907 vidi,
909 3840 1008 3891 aut
1052 3828 1224 3910 (Ecl.
1257 3830 1376 3908 ΠΙ,
1421 3827 1485 3894 8.
1501 3828 1561 3904 )ι
1609 3827 1887 3892 novimus
1930 3838 1998 3889 et
2037 3822 2148 3906 qui
2190 3835 2299 3900 te,
2358 3836 2415 3887 et
2456 3825 2520 3887 id

164 3909 365 3997 genus
409 3915 568 3977 alia.
654 3914 854 3995 Neque
878 3935 1025 3980 vero
1060 3916 1204 3977 haec
1239 3915 1593 3978 Graecorum
1625 3914 1866 3974 imitatio
1907 3922 2005 3973 aut
2046 3908 2282 3991 iugenio
2318 3929 2520 3971 carere

165 4011 272 4082 aut
294 4000 544 4064 iudicio
574 4002 827 4081 putanda
851 4009 975 4075 est3
1022 4010 1111 4061 est
1138 4000 1290 4062 enim
1314 4020 1674 4083 nequaquam
1708 3996 1939 4060 servilis
1972 3995 2076 4056 illa
2099 4007 2197 4058 aut
2228 3995 2518 4072 ιιίΐιιοιιῃιιι

181 4086 371 4167 quallis
421 4089 513 4147 ab
546 4085 797 4164 ingenio
843 4046 983 4146 exili
1020 4093 1084 4146 et
1124 4086 1340 4166 ignavo
1388 4085 1675 4167 proficisci
1719 4082 1898 4156 solet,
1947 4100 2131 4179 neque
2172 4080 2233 4141 in
2278 4080 2520 4143 alterius

170 4180 409 4252 poetae
432 4170 686 4247 verbm,
727 4171 912 4231 modis
942 4180 1001 4232 et
1027 4170 1234 4251 liguris
1265 4170 1560 4233 variandis
1595 4169 1835 4250 turpiter
1860 4165 2080 4245 ingenii
2116 4165 2271 4228 vires
2300 4164 2523 4227 attrivit

174 4263 383 4346 poeta,
433 4257 560 4340 sed
603 4269 773 4348 nemo
801 4254 1009 4336 facile,
1053 4257 1107 4319 si
1148 4256 1384 4419 singula
1418 4261 1797 4337 recognoscat
1840 4260 1898 4313 et
1938 4251 2228 4332 excutiat,
2268 4273 2384 4315 ιιοιι
2424 4249 2523 4313 in-
