2870 4981
913 310 1322 376 AENmnos
1382 307 1537 378 Lm.
1572 314 1648 379 11.
1726 268 1730 272 ⁴
2331 317 2459 383 169

168 502 378 580 Gloria,
420 520 589 582 quem
627 499 783 561 falsa
823 501 933 562 s‘ub
981 499 1303 580 proditione
1342 498 1622 582 Pelasgi,

166 593 434 653 insontem
473 585 710 646 infando
750 585 963 647 indicio
1008 586 1144 665 quia
1184 586 1338 648 bella
1378 590 1646 667 vetabat,

162 673 438 736 Demisere
484 670 644 747 neci3
691 692 841 731 nuuc
887 691 1119 732 cassum
1163 671 1378 732 lumine
1425 672 1660 751 lugent3
1911 665 1925 682 ⁸
2367 677 2454 744 85

162 759 244 822 Illi
285 778 371 818 me
413 756 706 832 comitem,
754 765 810 816 et
852 757 1349 834 consanguinitate
1393 758 1815 838 propinquum,

162 845 372 923 Pauper
409 842 471 901 in
515 860 679 902 arma
719 851 885 922 pater
926 840 1131 919 primis
1172 842 1286 903 huc
1328 842 1486 903 misit
1532 844 1605 904 ab
1652 843 1844 907 anuis.

160 1048 372 1099 Pausan.
408 1046 499 1110 X,
535 1046 621 1097 31.
669 1042 856 1097 Schol.
907 1040 1101 1111 E’urip.
1149 1041 1246 1096 Or.
1280 1041 1402 1095 432.
1455 1041 1642 1097 Schol.
1690 1042 1969 1113 Lycophr.
2001 1044 2121 1100 386.
2161 1048 2370 1116 Hyoin.
2406 1051 2450 1105 s.

156 1117 259 1166 105.
312 1113 467 1165 Serv.
519 1110 589 1163 ad
638 1108 699 1164 h.
749 1111 827 1178 l.)
898 1110 1026 1163 Fuit
1076 1119 1263 1163 autem
1313 1111 1640 1164 Palamedes
1688 1111 1943 1180 Nauplii,
1990 1114 2138 1167 renis
2186 1091 2453 1178 Eubboeae

160 1179 327 1246 filius,
380 1179 481 1252 qui
510 1181 798 1247 Ulyssem,
850 1196 924 1232 ne
971 1178 1033 1232 in
1076 1177 1293 1231 bellum
1331 1178 1641 1231 Troianum
1679 1177 1951 1249 proficisci
1988 1156 2253 1248 deheret,
2304 1188 2454 1240 mala

105 1256 111 1259 ’
154 1248 335 1301 fraude
370 1247 629 1301 insanum
676 1264 737 1300 se
773 1245 1161 1309 simulantem,
1221 1246 1336 1300 doli
1374 1245 1656 1312 convicit3
1703 1248 1857 1300 unde
1909 1248 2197 1302 exitiabile
2234 1252 2454 1319 Ulyssis

155 1315 331 1369 odium
382 1324 672 1381 exortum,
726 1316 879 1386 quod
914 1313 1226 1366 Palamedis
1280 1314 1513 1366 caedem
1561 1313 1818 1367 adduxit.
1888 1317 2115 1385 Duplex
2149 1327 2338 1372 autem
2376 1321 2452 1375 de

153 1384 382 1448 ratione,
422 1402 532 1455 qua
568 1381 890 1437 interfectus
925 1381 1122 1447 suerit,
1159 1382 1399 1435 narratio
1435 1381 1739 1434 invenitur.
1807 1382 1921 1435 Aut
1954 1385 2104 1436 enim
2144 1387 2357 1452 Ulyssis
2396 1399 2455 1444 et

150 1451 426 1504 Diomedis
462 1450 656 1503 fraude
693 1448 947 1505 sublatus
981 1448 1215 1515 dicitur,
1256 1448 1353 1522 qui
1392 1466 1551 1513 eum,
1588 1459 1649 1502 ut
1679 1449 1918 1503 thesauri
1955 1451 2256 1505 effodiendi
2284 1471 2452 1511 causa

151 1518 206 1570 in
239 1517 457 1571 foveam
504 1521 598 1572 vel
629 1526 877 1587 xputeum
926 1517 1294 1570 descenderet
1345 1516 1670 1581 inductum,
1718 1515 2002 1586 lapidibus
2041 1518 2121 1572 ibi
2158 1520 2452 1578 obruerint

154 1586 379 1652 (Dictys.
409 1589 490 1653 11,
528 1589 610 1639 15.
648 1584 851 1656 sqq.);
889 1593 982 1637 aut
1014 1583 1265 1653 legitimo
1294 1583 1507 1638 iudicio
1541 1585 1735 1654 capitis
1771 1585 2063 1640 damnatus
2101 1605 2221 1641 esse
2257 1589 2448 1659 fertur,
2534 1611 2559 1626 r

150 1653 287 1724 qnod
315 1654 375 1707 in
405 1656 529 1708 eius
553 1656 791 1707 tentorio
818 1652 1019 1705 Priami
1043 1654 1238 1704 literae
1265 1670 1394 1705 cum
1416 1667 1617 1721 magna
1639 1653 1876 1721 pecunia
1893 1692 1907 1718 ,
1935 1654 2268 1723 proditionis
2294 1674 2453 1711 mer-

149 1722 300 1786 cede,
359 1723 627 1775 inventae
664 1719 803 1786 sint,
853 1737 993 1792 quas
1028 1719 1151 1787 ipso
1185 1720 1483 1773 Palamede
1514 1720 1707 1774 nescio
1761 1730 1816 1772 et
1850 1719 2071 1774 insonte
2106 1725 2332 1791 Ulysses
2367 1725 2453 1782 ibi

146 1785 564 1843 abscondendas
586 1790 907 1843 curavisset.
967 1786 1157 1854 (Ovid.
1184 1790 1312 1841 Met.
1343 1790 1486 1852 XIII,
1514 1789 1599 1840 56.
1628 1805 1753 1860 sqq.
1790 1789 1997 1859 Hygin.
2026 1789 2065 1841 s.
2096 1794 2241 1854 105.)
2289 1795 2453 1848 Hanc

146 1857 360 1909 alteram
411 1855 664 1909 labulam
701 1858 865 1909 etiam
903 1856 1004 1909 Vir
1044 1854 1171 1907 ilius
1203 1857 1473 1929 sequitur.
1547 1854 1633 1907 Cf.
1668 1856 1873 1924 Heynii
1913 1859 2142 1920 Ex-curs.
2178 1860 2274 1911 IV.
2309 1860 2340 1892 '¹‘
2376 1863 2453 1915 ad

146 1922 195 1974 h.
221 1925 255 1974 l.
297 1925 696 1995 imprimisque
729 1923 955 1977 libellus
1038 1922 1253 1977 omissa
1308 1923 1653 1977 Palamedes.
1706 1925 1825 1978 Scr.
1861 1926 1989 1978 Otto
2024 1926 2182 1979 lahn.
2235 1928 2448 1983 Hamb.

149 1992 279 2044 1836.
322 1997 377 2045 8.
416 2023 488 2035 --
545 1989 863 2047 Belides
896 2000 1154 2058 vocatur,
1206 1993 1474 2064 quoniam
1511 1991 1636 2045 avia
1673 1991 1826 2049 eius,
1881 1992 2229 2061 Amymone,
2266 1997 2452 2053 Danai

144 2056 270 2124 filia,
321 2061 448 2112 Beli
487 2059 669 2124 neptis
707 2058 826 2111 suit.
893 2060 1342 2125 Patronymicum
1379 2070 1567 2112 autem
1616 2077 1648 2111 a
1685 2056 1827 2113 Beli
1871 2060 2103 2114 nomine
2147 2062 2452 2120 formatum

144 2127 352 2194 proprie
389 2125 670 2194 BestdeS,
722 2145 838 2180 non
872 2125 1116 2181 Belides
1149 2128 1664 2196 pronuntiandum3
1715 2128 1812 2179 sed
1854 2127 2117 2180 Priscian.
2146 2132 2225 2192 ΙΙ,
2260 2135 2324 2197 7,
2362 2137 2449 2187 37.

143 2209 194 2261 p.
217 2195 330 2248 584.
370 2199 431 2247 P.
489 2196 631 2247 hanc
680 2194 915 2248 sormam
966 2195 1172 2247 diserte
1218 2195 1388 2248 refert
1421 2195 1572 2247 inter
1609 2196 1864 2263 exempla
1902 2196 2448 2267 patronymicorum,

143 2278 274 2331 quae
306 2263 686 2331 penultimam
718 2265 972 2316 vocalem
1010 2273 1200 2315 contra
1244 2266 1494 2332 regulam
1531 2263 1881 2328 producunt3
1933 2263 2245 2315 eademcue
2281 2264 2453 2323 huius

142 2330 374 2385 nominis
413 2330 713 2398 productio
764 2331 928 2383 etiam
966 2329 1116 2398 apud
1153 2330 1318 2384 ovid.
1355 2329 1590 2383 Heroid.
1625 2331 1788 2395 XIV,
1827 2334 1912 2382 73.
1949 2330 2081 2381 Stat.
2125 2333 2138 2352 '
2179 2330 2309 2383 heb.
2345 2335 2446 2403 VI,

144 2398 248 2451 291.
283 2398 381 2452 Sil.
413 2401 469 2462 Ι,
515 2400 602 2451 75.
656 2407 711 2450 et
741 2400 842 2464 111,
878 2401 997 2452 650.
1052 2396 1369 2463 invenitur,
1424 2413 1568 2466 quos
1613 2398 1768 2450 locos
1811 2399 1881 2448 H.
1929 2406 1984 2449 et
2016 2399 2141 2449 Wr.
2196 2397 2452 2456 afferunt.

140 2495 198 2507 -
233 2469 317 2521 83.
356 2464 648 2537 „falsa
699 2465 836 2521 sub
870 2463 1366 2537 proditione,
1420 2465 1479 2519 h.
1535 2481 1585 2517 e.
1636 2462 1742 2518 sub
1792 2464 1928 2520 salso
1979 2465 2213 2519 crimine
2292 2469 2453 2524 rodi-

143 2532 325 2602 tionis,
377 2543 443 2587 ut
496 2533 647 2587 bene
684 2537 874 2601 Serv-3
930 2552 1060 2587 nam
1108 2534 1296 2586 literas
1342 2534 1463 2586 eius
1510 2533 1579 2585 ad
1616 2533 1895 2586 Priamum
1932 2533 2117 2600 datas,
2167 2552 2227 2589 se
2319 2555 2351 2589 a
2387 2556 2451 2595 so

142 2599 315 2670 fictas‘,
363 2604 679 2672 protulerat
715 2604 961 2671 Ulysses.
999 2632 1067 2644 --
1129 2600 1453 2671 Pelasgi
1500 2601 1557 2653 h.-
1595 2604 1636 2653 l.
1672 2602 1908 2668 Achivi,
1960 2603 2233 2655 seriorum
2271 2606 2453 2658 Grae-

138 2686 321 2723 eorum
366 2687 549 2724 more.
618 2674 760 2724 Nam
801 2674 1082 2725 Homerus
1128 2686 1417 2742 nunquam
1470 2669 1582 2723 ita:
1629 2670 1878 2739 agnoscit
1928 2670 2026 2723 ille
2066 2680 2288 2724 tantum
2336 2676 2452 2727 Pe-

139 2736 309 2808 lasgos
373 2737 439 2791 in
500 2738 794 2793 Thessalia
851 2739 1129 2792 Larissam
1195 2737 1505 2792 incolentes
1567 2738 1769 2804 (11.11‚
1816 2737 2017 2804 840.):
2077 2756 2243 2807 porro
2303 2740 2453 2801 inter:

140 2807 507 2860 Troianorum
558 2806 739 2861 socios
782 2823 911 2860 cum
946 2805 1278 2876 Lelegibus,
1329 2805 1687 2859 Cauconibus
1739 2815 1794 2857 et
1828 2806 1951 2858 aliis
1992 2806 2013 2863 <
2034 2807 2094 2858 ll.
2132 2811 2222 2873 X,
2262 2807 2448 2875 429.).

143 2871 254 2938 [Cf.
294 2882 472 2939 supra·
502 2875 573 2927 ad
610 2892 665 2929 v.
694 2881 778 2928 27.
816 2875 1061 2940 adnoth]
1115 2904 1184 2915 --
1263 2873 1349 2928 84.
1387 2873 1716 2943 infando
1766 2872 2100 2938 indicio,
2166 2875 2454 2932 delatione

139 2969 201 2981 —-·
234 2940 436 2996 bella
497 2941 849 3010 vetabat,
906 2939 1266 2994 dissuadebat
1309 2940 1526 2995 bellum
1588 2950 1643 2994 et
1701 2941 2175 3011 oppugnationem
2223 2943 2450 2999 Troiae.

141 3008 350 3079 [Quam
396 3026 627 3064 calisam
672 3010 812 3081 fingi
865 3007 936 3062 ab
981 3009 1210 3063 homine
1245 3009 1634 3075 fraudulento,
1682 3026 1796 3081 quo
1832 3007 2036 3061 certius
2073 3008 2453 3065 Troianorum

138 3078 341 3132 animos
373 3080 668 3132 Palamedi
718 3080 1066 3151 ideoque-et
1116 3075 1224 3130 sibi
1275 3077 1567 3143 conciliet,
1618 3094 1736 3130 non
1788 3085 1871 3129 est
1902 3091 2015 3128 *cur
2055 3075 2344 3142 doceam.]
2379 3110 2451 3123 ...-

141 3146 539 3201 demittere
581 3146 745 3201 neci
779 3149 846 3199 ad
888 3145 1316 3199 similitudinem
1353 3144 1579 3199 alterius
1616 3145 1860 3217 formae:
1915 3140 2210 3197 demittere
2249 3141 2445 3213 Orco,

137 3212 380 3282 umbris,
430 3215 492 3267 h.
534 3234 583 3268 e.
620 3215 690 3268 ad
727 3214 848 3269 loca
890 3213 1096 3277 infera,
1136 3230 1207 3265 ex
1246 3211 1578 3266 Homerico:
1631 3220 1705 3279 ψυ
1752 3215 1807 3272 ὰς
1844 3210 1968 3264 ’.Αἰἦι
2006 3210 2319 3277 προῖὶιψευ.“’
2354 3202 2477 3269 IL*

140 3281 221 3333 Sic
252 3282 430 3335 morti
466 3282 762 3337 dernittere
795 3284 878 3347 V,
907 3284 1028 3339 692.
1057 3285 1144 3347 Χ,
1172 3283 1292 3335 662.
1331 3282 1480 3334 dem.
1520 3276 1669 3345 leto,
1761 3281 1832 3331 al.
1872 3280 1954 3332 Fl.
1982 3279 2110 3344 Vll,
2139 3283 2258 3333 313.
2293 3283 2446 3336 dem.

139 3363 263 3402 orco
301 3349 449 3402 infra
487 3368 545 3404 v.
577 3354 694 3406 388.
733 3360 788 3403 et
817 3354 929 3416 lx,
965 3354 1083 3404 527.
1121 3351 1271 3402 dent.
1305 3345 1562 3414 veaenbriS,
1596 3348 1716 3400 ⁸351.
1746 3350 1796 3413 1,
1832 3347 1953 3400 439.
1989 3349 2103 3412 ΧΓ»,
2141 3348 2258 3400 141.
2293 3350 2445 3403 dem.

137 3414 350 3485 Erebe,
393 3418 475 3472 id.
511 3423 585 3485 11,
616 3423 731 3472 131.
768 3421 915 3472 dem.
947 3418 1030 3470 nd
1056 3434 1285 3483 maneS,
1330 3416 1409 3469 id.
1445 3415 1552 3479 IV,
1588 3416 1704 3469 342.
1746 3416 1890 3467 Aen.
1915 3417 2047 3472 XII,
2083 3416 2203 3468 884.
2238 3425 2341 3469 etc.
2379 3443 2452 3457 —·-

141 3498 420 3538 cassum
456 3485 736 3543 lumine
770 3486 1000 3556 antique
1039 3502 1139 3551 pro
1178 3485 1454 3552 privatum
1491 3483 1621 3536 vita.
1697 3481 1912 3538 (lassus
1948 3482 2129 3547 enim,
2182 3484 2253 3535 de
2289 3483 2453 3538 cuius

138 3550 342 3625 origine
380 3553 506 3607 vid.
538 3555 787 3608 diversas
811 3551 1137 3605 Doederlini
1169 3553 1531 3620 (Synon.111.
1567 3568 1621 3619 p.
1654 3552 1796 3615 102.)
1823 3559 1876 3602 et
1903 3549 2111 3601 Handii
2150 3551 2357 3615 (Turs.
2384 3553 2450 3602 11.

176 3656 188 3670 .
211 3624 259 3673 6.
303 3623 419 3694 sq.)
459 3622 765 3676 sententias
799 3622 930 3674 coll.
964 3637 1090 3672 cum
1128 3620 1315 3674 adnot.
1358 3637 1482 3672 mea
1517 3621 1597 3672 ad.
1625 3621 1788 3672 Lucr.
1815 3621 1916 3684 111,
1952 3617 2101 3682 561„
2138 3627 2232 3669 aut
2267 3616 2455 3687 signi-

105 3698 118 3727 ⁸
173 3698 252 3741 cat
287 3689 322 3741 i.
400 3728 414 3741 .
453 3702 666 3756 vanus,
703 3688 887 3743 inanis
926 3687 1027 3755 (cf.
1065 3688 1209 3741 Aen.
1242 3691 1374 3754 XII,
1398 3691 1521 3741 780.
1557 3704 1728 3742 cassa
1759 3696 1913 3739 vom.
1964 3685 2150 3738 Lucr.
2179 3686 2265 3749 111,
2297 3686 2450 3738 1062.

138 3771 297 3810 cassa
328 3707 684 3827 ,βοηηίάοῂ
738 3767 830 3811 aut
866 3756 1120 3823 orbatus,
1171 3755 1418 3825 privatus
1452 3755 1641 3826 aliqua
1689 3772 1769 3808 re.
1841 3751 1971 3819 (Sic
2012 3751 2294 3830 Aea-XI,
2331 3751 2450 3830 104.

137 3823 356 3884 neeloere
393 3842 636 3891 cassus,
682 3835 737 3879 et
761 3823 1072 3878 scie-Arm.
1101 3826 1218 3878 369.
1257 3820 1491 3876 luminis
1526 3824 1779 3885 cassu-³.)
1814 3849 1882 3864 --
1950 3816 2037 3872 86.
2075 3820 2207 3884 „Sic
2241 3817 2457 3875 Achilli

137 3890 425 3961 Phoenix,
462 3893 623 3946 Aiaci
658 3891 993 3947 Telamonio
1029 3894 1250 3945 Teucer
1283 3908 1474 3945 comes
1513 3891 1812 3962 (θεράπων,
1860 3885 2085 3958 ἑταῖρος)
2124 3887 2284 3939 datus
2328 3902 2455 3941 esse

137 3958 364 4028 legitur-3
407 3970 466 4013 et
501 3963 694 4030 plures
730 3959 965 4032 singulis
999 3958 1269 4014 heroibus
1304 3957 1484 4011 additi
1520 3964 1920 4011 memorantur.
1935 3955 1969 3981 “
2015 3951 2101 4007 H.
2140 3952 2454 4033 „confflem

137 4035 201 4080 ei
231 4044 519 4099 cons-cmg.
537 4028 970 4102 propinquum,
1009 4028 1049 4080 i.
1077 4045 1128 4080 e.
1156 4037 1211 4080 et
1281 4027 1502 4092 uidem,
1540 4035 1596 4079 et
1618 4025 1880 4092 insuper,
1917 4038 2097 4103 quum
2120 4032 2284 4101 etiam
2314 4039 2455 4102 prq-

138 4093 380 4172 pinquus
423 4114 629 4150 essem.
699 4096 861 4149 Haud
913 4113 1037 4149 rara
1088 4104 1218 4148 sunt
1276 4111 1407 4161 oca,
1460 4092 1561 4146 ubi
1601 4104 1657 4146 et
1670 4126 1697 4161 ,-
1748 4107 1848 4160 pro
1886 4099 2094 4158 ettam,
2144 4091 2466 4161 participiis„

137 4170 205 4214 ita
237 4163 607 4231 adiunctum,
661 4163 960 4234 signifieat,
1022 4162 1157 4216 alias
1190 4162 1433 4217 rationes
1467 4163 1561 4216 vel
1596 4176 1795 4214 causas
1825 4154 2086 4237 subesse,
2122 4161 2279 4211 velut
2312 4158 2372 4211 h.
2407 4159 2452 4212 1.
2528 4224 2538 4233 Ρ

129 4241 578 4298 paupertatem,
629 4230 959 4286 tirocinium
1005 4230 1248 4286 iuvenis.
1316 4229 1680 4285 Praeiverunt
1729 4227 1923 4279 Graeci
1975 4225 2233 4280 similiter
2281 4240 2458 4281 usur-
2511 4261 2515 4269 ·

139 4300 318 4362 pando
356 4301 451 4350 καί
468 4320 484 4365 3
522 4298 784 4368 Thucyd.
817 4303 874 4366 I,
910 4305 995 4354 32.
1068 4300 1351 4372 Κερκυραῖοι
1387 4300 1439 4351 δὲ
1469 4297 1597 4366 μετὰ
1631 4298 1716 4360 τῆς
1751 4292 2048 4364 ξυμμαχίας
2078 4298 2164 4362 τῆς
2202 4288 2459 4362 alvum&

138 4363 216 4415 uei
249 4369 419 4418 ταῦτα
457 4365 757 4421 πιστεῑῖοντεε
791 4368 944 4438 {yves}
980 4365 1097 4433 ὗμῗν
1142 4366 1467 4435 παρεξεσθαι,
1520 4361 1813 4415 ἐπέστειλαν
1845 4360 1987 4426 ἦμᾶε.
2057 4359 2281 4416 Humi).-
2304 4377 2454 4428 sem,

141 4430 235 4501 qui
266 4444 324 4488 et
358 4435 622 4507 omittit,
653 4437 809 4492 nulla
839 4435 897 4491 11.
937 4439 976 4490 1.
1011 4446 1097 4492 cst
1128 4435 1442 4492 auctoritas.
1519 4431 1604 4488 Ue
1634 4447 1772 4488 vero
1805 4447 1909 4503 pro
1939 4440 1996 4486 ea
2030 4430 2101 4486 de
2134 4429 2460 4487 coniectura
