2870 4981
195 243 205 256 ’
366 305 457 373 ω
506 336 509 339 -
1091 298 1164 361 r.
1204 291 1550 382 wican·
1585 294 1955 360 MARoms

354 481 742 576 'Prospectum
779 484 898 550 late
935 483 1149 566 pelago
1192 482 1366 566 petit,
1412 483 1643 547 Anthea
1683 482 1739 546 si
1786 502 1957 567 quem

365 578 649 644 lactatum
692 582 863 638 vento
909 572 1103 635 videat
1139 569 1552 651 Phrygiasque
1592 567 1830 632 biremis
1848 618 1867 647 ,

364 666 484 729 Aut
528 663 765 743 Capyn,
809 666 910 720 aut
949 655 1126 719 celsis
1168 654 1231 717 iu
1272 654 1562 734 puppibus
1607 675 1768 715 arma
1812 651 2002 717 Caici.

363 750 591 814 Navem
634 742 697 809 iu
738 749 1050 822 conspectu
1091 739 1311 819 nullam
1329 788 1347 818 ,
1394 739 1501 801 tris
1526 739 1714 821 ,litore
1758 759 1961 800 cervos

364 831 660 913 Prospicit
700 825 988 904 errautisr,
1031 826 1140 886 hos
1186 833 1306 889 tota
1348 834 1609 886 armenta
1650 832 1971 904 sequuntur
2155 864 2156 867 κ
2187 838 2196 845 ”
2552 823 2682 890 185

363 923 421 983 Α
461 929 663 997 tergo;
711 922 769 975 et
813 911 1054 991 longum
1094 931 1199 991 per
1240 908 1414 974 vallis
1462 907 1721 989 pascitur
1764 929 1999 989 agmen.
2231 912 2236 921 '

366 1001 643 1068 Gonstitit
677 997 812 1077 hic,
856 1015 1166 1078 arcumque
1206 1015 1380 1057 manu
1428 994 1750 1077 celerisque
1794 992 2045 1075 sagittas

277 1232 281 1238 ’
363 1245 684 1310 spectum
708 1231 861 1289 late
878 1226 1077 1302 petit
1092 1227 1358 1302 pelago
1371 1268 1395 1300 ‚
1428 1230 1491 1286 in
1517 1227 1713 1301 prosa:
1745 1239 2103 1300 prospectum
2126 1227 2305 1299 capit,
2331 1239 2692 1308 prospectat5‘

334 1324 337 1325 γ
362 1315 640 1382 quantum
677 1301 837 1368 licet,
890 1308 988 1368 per
1036 1316 1205 1351 omne
1268 1301 1518 1369 pelagus.
1590 1298 1675 1351 Cf.
1713 1299 1822 1353 Od.
1847 1303 1935 1364 X,
1967 1299 2092 1351 146.
2128 1314 2216 1370 sq.
2266 1308 2321 1353 et
2356 1301 2444 1353 95.
2476 1316 2562 1396 sq.
2610 1302 2684 1357 εὖ

365 1374 668 1439 videat,
709 1386 811 1440 pro
840 1377 938 1434 ut,
975 1365 1235 1420 sollemni
1265 1384 1451 1433 more,
1482 1366 1647 1421 etiam
1677 1366 2008 1420 Homerico:
2039 1366 2115 1433 si,
2153 1367 2261 1433 ἐὰν,
2290 1384 2392 1435 pro
2421 1364 2515 1419 ἵνα.
2544 1368 2561 1395 ‘
2585 1369 2658 1424 H

363 1443 478 1498 Sed
515 1439 705 1493 verius
745 1434 848 1496 W
844 1452 902 1489 ..·
949 1434 1127 1500 „Noli
1175 1433 1242 1487 si
1275 1443 1617 1487 commutare
1652 1452 1780 1487 oum
1818 1443 1905 1487 ut.
1979 1438 2117 1487 Nam
2166 1451 2239 1486 an
2274 1435 2497 1489 visurus
2534 1448 2680 1492 esset

360 1509 618 1573 Anthea,
656 1506 897 1559 incertus
932 1509 1067 1554 erat.
1140 1501 1325 1554 Verba
1366 1511 1585 1575 autem,
1623 1521 1767 1572 quae
1802 1511 1998 1555 notant
2032 1500 2386 1571 explorare,
2423 1512 2674 1574 tentare,

342 1576 616 1648 sequitur
635 1571 902 1643 particula
925 1568 998 1623 si.
1039 1567 1126 1621 Cf.
1145 1568 1271 1622 Liv.
1296 1571 1481 1636 XXV,
1510 1574 1594 1623 36.
1611 1571 1819 1634 XXIV,
1853 1577 1900 1622 1.
1926 1571 2081 1623 Viro.
2107 1572 2221 1623 Ecl.
2249 1571 2336 1636 VI,
2361 1572 2443 1622 56.
2468 1575 2535 1625 57
2545 1628 2552 1629 ff
2628 1592 2677 1627 e.

362 1649 465 1711 III,
505 1646 626 1696 331.
663 1644 782 1693 332.
822 1636 1257 1702 ovim-Herem,
1285 1642 1452 1702 XIX,
1489 1637 1629 1690 27.“
1700 1636 1918 1708 Quibus
1963 1613 2113 1698 ψη
2153 1637 2311 1707 addit
2342 1639 2496 1690 Parei
2588 1659 2676 1695 ex.

360 1717 542 1770 Plaut.
578 1717 634 1762 et
659 1705 932 1774 Heusing.
970 1705 1038 1757 ad
1082 1705 1358 1758 Vechner.
1400 1708 1754 1759 Hellenolex.
1786 1723 1840 1774 p.
1872 1707 1989 1758 424.
2021 1737 2090 1747 --
2126 1703 2197 1760 Si
2222 1723 2387 1778 quem
2410 1704 2673 1778 Anthea,

362 1790 429 1836 ut
472 1777 623 1848 apud
667 1778 830 1843 Prop.
864 1773 972 1840 IV,
1017 1776 1108 1838 11,
1151 1775 1231 1827 19.
1300 1773 1431 1826 Aut
1477 1772 1531 1827 si
1578 1773 1709 1845 quis
1744 1772 1945 1842 posita
1997 1773 2189 1827 iudex
2237 1774 2394 1826 sedet
2440 1774 2679 1831 Aeacus
2741 1784 2746 1791 ³

364 1865 547 1906 urna.
620 1841 809 1897 Verba
843 1850 904 1894 ut
939 1851 1086 1894 recte
1127 1839 1435 1911 intelligas,
1476 1842 1699 1910 proprie
1737 1843 1808 1893 ita
1847 1843 2172 1894 collocanda
2211 1858 2332 1894 esse
2364 1842 2578 1912 cogita:
2626 1843 2678 1898 ei

364 1932 533 1993 quem
572 1910 894 1980 (sociorum
931 1909 1302 1972 amissorum)
1340 1909 1533 1961 videat
1546 1948 1569 1976 ,
1620 1907 1895 1976 Anthea,
1954 1917 2059 1962 aut
2099 1908 2337 1981 Capyn,
2391 1919 2497 1963 aut
2537 1908 2676 1966 Gai-

364 1968 630 2052 cum'5'ut
663 1977 891 2032 nomina
925 1977 1147 2046 propria
1181 1976 1512 2051 pronomimf
1534 1977 1900 2044 appositionis
1937 1979 2063 2030 loco
2099 1977 2210 2030 siut
2244 1977 2465 2043 addita,
2518 1979 2679 2058 quod

361 2053 522 2109 Iahn.
570 2048 682 2101 iam
736 2046 1001 2098 adnotare
1049 2061 1166 2096 non
1213 2043 1496 2113 neglexit:
1565 2047 1748 2114 Quare
1810 2042 2119 2111 reiicienda
2176 2054 2256 2097 est
2322 2047 2490 2098 altera
2544 2049 2676 2115 illa,

298 2118 307 2121 “
363 2106 710 2194 quamquam
750 2111 1001 2167 Chai-isio
1037 2120 1172 2175 teste
1209 2113 1468 2185 antiqua,
1506 2112 1669 2177 lectio
1704 2110 1759 2166 si
1786 2120 1932 2184 “qum
2006 2113 2165 2180 (Ipse
2205 2111 2473 2167 Anthene
2505 2115 2678 2169 etiam

362 2188 513 2243 infra
534 2203 591 2239 v.
618 2187 738 2239 510.
774 2190 829 2234 et
855 2182 975 2245 XII,
1001 2178 1124 2233 443.
1157 2178 1669 2242 commemoratur.)
1739 2179 2031 2245 Weickert
2057 2181 2117 2233 in
2142 2181 2483 2250 Programm.
2507 2200 2678 2252 supra

363 2255 522 2311 laud.
555 2253 745 2323 paullo
783 2249 942 2302 aliter
988 2250 1176 2302 locum
1228 2247 1453 2301 videtur
1500 2248 1840 2319 intelligere,
1894 2247 2072 2319 quum
2118 2248 2366 2300 conserat
2414 2249 2563 2303 infra
2596 2254 2673 2319 11,

364 2326 453 2380 81.
487 2339 575 2394 sq.
659 2317 868 2374 Fando
913 2314 1237 2390 aliquod
1281 2314 1334 2370 si
1368 2317 1541 2384 forte
1589 2325 1724 2369 tuas
1759 2314 2027 2385 pervenit
2071 2317 2153 2369 (cd
2201 2333 2377 2370 aures
2420 2316 2679 2373 Belidae

364 2406 569 2446 nonum
593 2383 935 2442 Palamedis
971 2385 1156 2445 (menn
1189 2384 1397 2454 irgend
1430 2384 1638 2452 etwa)‚·
1676 2401 1845 2455 quem
1881 2385 2069 2437 locum
2108 2384 2218 2435 huo
2246 2402 2361 2436 non
2398 2387 2677 2456 quadrare

366 2462 524 2530 put'o.
591 2457 788 2525 Neque
821 2452 1034 2506 maiore
1069 2451 1205 2523 iure⁴
1229 2452 1340 2505 huc
1375 2452 1611 2505 trahitur
1645 2451 1785 2505 iufra
1822 2469 1877 2504 v.
1912 2452 2032 2506 326.
2085 2450 2152 2505 si·
2174 2467 2347 2526 quam
2378 2469 2672 2524 sororem,

367 2541 542 2599 quem
575 2524 763 2575 locum
786 2559 803 2586 ,
839 2519 1005 2574 simul
1045 2520 1235 2574 adnot.
1271 2537 1430 2573 suam
1465 2521 1533 2572 ad
1577 2518 1743 2574 Ovid.
1779 2520 1909 2572 Am.
1935 2522 1989 2584 1,
2030 2524 2246 2585 13,“39.
2282 2520 2536 2573 conferre
2575 2541 2678 2579 nos

364 2590 606 2656 iubens,
639 2590 831 2640 Burm.
854 2597 1159 2655 comparat.
1185 2615 1254 2626 -
1322 2592 1441 2640 182.
1480 2585 1790 2641 biremes
1826 2588 1988 2654 poe'ta
2024 2587 2255 2641 omnino
2297 2605 2397 2656 pro
2430 2588 2678 2645 navibus

366 2657 577 2731 posuit.
614 2683 684 2696 --
754 2657 870 2707 183.
917 2651 1189 2725 Capyn.
1263 2654 1396 2706 Vid.
1447 2656 1657 2707 adnott.
1698 2656 1767 2708 ad
1804 2658 1883 2721 11.‚
1919 2658 2004 2709 35.
2044 2686 2113 2698 ·-
2175 2658 2291 2720 „In
2326 2673 2381 2708 v.
2416 2660 2533 2709 183.
2574 2669 2679 2712 aut
2711 2687 2714 2692 ⁴

373 2725 616 2784 Caicum
664 2718 909 2775 debebat
957 2721 1142 2774 dicere
1192 2724 1285 2777 vel
1320 2717 1469 2775 Caici
1520 2740 1743 2776 navem.
1809 2725 1971 2775 Nunc
2016 2722 2176 2792 ponit
2208 2739 2417 2777 arma
2458 2722 2679 2780 Caici

368 2794 450 2850 ἄη
490 2788 886 2863 puppibus
937 2787 1202 2859 celsis3
1259 2791 1410 2861 quod
1464 2789 1535 2842 de
1584 2788 1924 2858 aplustribus
1959 2790 2189 2844 fortasse
2226 2790 2696 2861 intelligendum:

364 2863 585 2917 'Verum
618 2874 789 2913 amna
821 2857 884 2910 in
905 2856 1208 2926 puppibus
1243 2858 1463 2927 poetico
1489 2866 1687 2911 ornatu
1718 2858 1949 2911 omuino
1978 2858 2187 2911 dictum
2218 2868 2351 2927 puto
2382 2876 2482 2927 pro
2505 2861 2720 2920 armis-2

326 2973 329 2974 ν
366 2927 536 2985 navis
571 2926 755 2990 Caicit,
806 2934 867 2978 ut
899 2940 1067 2978 arma
1099 2925 1299 2995 ηαυίε,
1352 2944 1451 2980 seu
1491 2936 1864 2991 armamenta,
1913 2944 2014 2995 pro
2065 2926 2186 2994 ipsa
2220 2925 2351 2979 navi
2387 2926 2532 2979 dicta
2568 2929 2681 2982 sint

364 3006 583 3053 ornate.
649 2996 773 3048 Hoc
818 2992 1024 3046 verius.
1095 2996 1234 3047 Nam
1284 3011 1437 3047 arma
1486 2993 1547 3047 iu
1593 2993 1877 3062 puppibus
1926 2995 2162 3063 religata*
2206 2995 2313 3059 (cf.
2362 2996 2513 3060 VIII,
2553 2997 2679 3060 92.)

366 3082 502 3120 cum
537 3061 735 3117 Servio
766 3060 1078 3114 intenioero
1117 3061 1212 3116 vix
1249 3062 1460 3130 possis,
1500 3059 1711 3131 quippe
1746 3078 1889 3133 quae
1922 3062 2072 3114 haud
2101 3060 2261 3114 facile
2296 3079 2327 3113 e
2362 3062 2681 3136 longinquo
2737 3101 2755 3138 s

366 3131 691 3200 conspicua.
712 3128 749 3157 “
795 3128 883 3184 H.
950 3105 1177 3185 {estius
1228 3129 1384 3189 W..·
1438 3133 1614 3198 „Ipse
1648 3129 1843 3183 Servio
1892 3128 2182 3183 assentior.
2251 3131 2389 3182 Nam
2437 3130 2539 3201 qui
2575 3149 2679 3186 av·-

367 3207 657 3254 mamenta
704 3196 867 3250 navis
916 3215 948 3249 e
995 3198 1306 3269 longinquo
1343 3198 1528 3263 videt,
1585 3196 1631 3249 is
1683 3206 1738 3249 et
1782 3214 1951 3249 arma
1983 3197 2211 3266 religata
2246 3197 2439 3250 videre
2477 3207 2680 3266 potest.

367 3266 508 3322 vid.
544 3265 792 3336 Val·.,..Fl·
815 3268 870 3329 1,
907 3266 1027 3317 404.
1064 3275 1126 3318 at
1237 3282 1349 3319 ora
1380 3264 1642 3334 splendet
1685 3273 1789 3317 tua
1823 3262 2019 3332 cuspis
2054 3260 2130 3321 ab
2165 3262 2289 3318 alm
2302 3304 2323 3332 ,
2376 3263 2681 3335 Aeacide,·

369 3343 598 3389 tantum
620 3330 948 3403 „ltaqgalfis
987 3284 1282 3409 ‘ex-celssssr
1327 3332 1543 3401 hastis,
1596 3339 1649 3383 et
1684 3332 1840 3402 Virg.
1869 3334 2026 3398 VIII,
2061 3333 2200 3385 92⁶<
2268 3335 2464 3405 Neque
2518 3333 2685 3388 aliter
2720 3395 2728 3406 ,

373 3400 530 3462 Wr.
576 3399 1099 3470 locunfzintellngit.
1149 3430 1217 3441 —
1300 3401 1414 3454 184.
1467 3439 1516 3467 „
1540 3398 1814 3455 Cervos
1854 3416 1925 3451 ex
1977 3400 2206 3453 Homeri
2253 3399 2466 3468 capreis
2513 3400 2681 3469 fecit,

367 3468 491 3530 vids.
529 3484 655 3537 sup.
693 3466 763 3521 ad
805 3482 861 3520 v.
893 3470 1008 3521 159.
1077 3469 1271 3522 Nullos
1307 3477 1492 3521 tamen
1529 3483 1726 3522 cervos
1760 3466 1821 3519 in
1849 3465 2036 3521 Africa
2074 3467 2314 3521 inveniri
2336 3468 2682 3536 HerodotuS,

368 3535 730 3601 Aristoteles,
781 3542 838 3588 et
880 3533 1094 3587 Plinius
1145 3545 1273 3602 post
1323 3536 1448 3588 illos
1491 3538 1639 3601 Vm,
1690 3538 1790 3601 33,
1828 3537 1912 3587 51.
1954 3531 2387 3589 affirmaverunt.
2473 3535 2686 3591 Firmat

368 3599 565 3659 tamen
595 3620 657 3658 se
705 3602 721 3657 i
765 3618 889 3657 sum
923 3600 1193 3670 Virgilius
1229 3602 1374 3655 Aen.
1402 3604 1512 3669 IV,
1553 3604 1667 3655 154.
1715 3611 1771 3654 et
1804 3604 2146 3668 Lucam-IX,
2188 3608 2342 3669 921.,
2393 3612 2455 3656 ut
2496 3604 2683 3672 Oppi-

370 3689 546 3726 anum
593 3680 650 3727 et
684 3673 724 3723 P
771 3669 1075 3723 ilostratum
1126 3678 1355 3723 taceam.
1423 3673 1539 3722 Iam
1583 3670 1837 3723 omnium
1885 3670 2087 3723 horum
2140 3670 2281 3724 levis
2316 3688 2449 3724 saue
2485 3670 2586 3723 tali
2625 3671 2688 3725 in.

369 3757 434 3793 re
466 3738 783 3793 auctoritas.
851 3739 1102 3793 Fortasse
1137 3747 1322 3791 tamen
1352 3738 1502 3790 cervi
1531 3747 1740 3791 nomen
1761 3737 1927 3792 latius
1951 3736 2021 3790 ab
2048 3738 2117 3794 iis
2148 3748 2474 3805 usurpatum
2507 3737 2686 3793 dicas.

344 3808 522 3861 ‘Sunt
561 3803 746 3873 enim,
799 3804 960 3877 quod*
991 3803 1253 3859 historiae
1287 3804 1556 3859 naturalis
1604 3813 1857 3859 auctores
1906 3805 2148 3871 δασεῖα.
2186 3807 2337 3859 varia
2387 3823 2690 3860 cervorum

372 3883 433 3927 et
466 3876 857 3942 capreolorum
890 3888 1095 3942 genera
1139 3889 1239 3941 per
1271 3872 1517 3925 Africam
1554 3890 1761 3942 sparsa.
1832 3872 2109 3945 Quicquid
2148 3883 2229 3927 est
2242 3913 2273 3939 ,.
2308 3890 2504 3928 cervos
2546 3890 2685 3942 pro-

372 3940 498 4011 prie
551 3940 728 3996 dictos
780 3951 932 3998 mmo
983 3957 1080 4008 per
1130 3957 1252 4004 oras
1286 3940 1508 3993 Africae
1553 3957 1749 3995 versus
1796 3941 2251 4009 septemtrionem
2298 3941 2429 3995 sitas
2464 3958 2686 4008 errare,

371 4006 646 4074 affirmat,
687 4018 750 4063 ut
783 4008 922 4066 ulios
958 4016 1198 4075 taceam,
1244 4006 1417 4064 Shaw
1462 4004 1705 4068 Travels
1737 4005 1863 4079 pag.
1889 4008 2008 4061 243.
2044 4007 2115 4061 cf.
2153 4007 2254 4066 inf.
2289 4010 2375 4076 V,
2412 4014 2497 4062 37.
2517 4008 2555 4035 “
2592 4008 2686 4064 H.

373 4075 542 4145 Quod
575 4076 791 4131 etiamsi
825 4094 943 4131 uon
976 4083 1153 4143 esset,
1201 4093 1400 4134 nemo.
1456 4076 1554 4148 qui
1610 4084 1694 4129 est
1726 4074 1940 4129 subacti
1975 4072 2203 4143 iudicii,
2252 4075 2344 4129 hio
2398 4076 2689 4143 haereret,

373 4143 633 4213 poetam,
696 4161 814 4198 nou
870 4143 1134 4199 historiae
1193 4144 1460 4199 naturalis
1522 4143 1847 4213 scriptorem
1904 4158 1964 4195 se
2012 4145 2199 4214 legere
2248 4144 2567 4198 recordans.
2618 4173 2691 4183 —-

278 4215 281 4218 “
377 4213 501 4266 185.
540 4220 920 4280 armenia,
969 4211 1123 4291 quod
1171 4211 1395 4291 proprie
1450 4211 1522 4265 de
1568 4209 1742 4264 boum
1792 4208 2054 4281 gregibus
2105 4210 2339 4278 dicitur,
2398 4210 2693 4264 interdum

373 4276 550 4332 etiam
584 4277 655 4330 ad
689 4277 925 4332 aliorum
962 4281 1288 4335 animalium
1331 4277 1522 4333 turbas
1570 4278 1915 4332 transfertur.
1986 4277 2070 4329 cf.
2111 4280 2209 4332 Ge.
2237 4278 2347 4345 IV,
2385 4280 2537 4345 395„
2584 4276 2696 4332 ubi

374 4344 595 4474 Eliooae
644 4354 699 4399 et
747 4344 888 4399 aliae
934 4346 1146 4401 bestiae
1187 4347 1437 4400 marinae
1505 4344 1765 4414 Neptuni
1809 4356 2069 4400 armenta
2105 4354 2403 4411 vocantur,
2453 4355 2508 4399 et
2540 4344 2694 4399 Plin.

478 4411 554 4484 ug
589 4412 719 4483 vn,
747 4419 816 4482 2,
842 4419 896 4473 2.
925 4425 1100 4483 extr„
1153 4412 1255 4472 ubi
1299 4416 1373 4470 de
1404 4408 1924 4489 'cynocephalorum
1955 4413 2232 4478 ameum
2262 4415 2447 4472 sermo
2482 4421 2586 4472 est.
2622 4441 2697 4457 --
2755 4427 2760 4430 ’
