2870 4981
399 296 487 376 ω
1302 287 1808 354 raoormmiu

399 482 520 549 Alii
550 482 931 561 Antenorem,
966 477 1071 542 alii
1100 477 1481 560 Hectoridas,
1512 477 1613 541 alii
1646 477 1935 557 Aeaeam,
1964 476 2284 542 Ascanium
2313 479 2422 543 alii
2446 501 2543 544 res
2565 482 2724 547 'Pro-

400 573 569 636 ianas
601 566 924 630 restituisse
957 575 1288 629 narrarunt.
1353 564 1660 644 Suspieari
1694 563 1827 626 lieet
1853 564 1918 625 in
1948 587 2133 646 regno
2162 567 2271 627 boe
2295 587 2401 628 seu
2434 571 2720 631 condendo

401 678 507 720 seu
537 653 763 718 condito
797 654 994 713 turbas
1030 661 1188 713 ortas
1218 651 1371 711 inter
1397 650 1557 712 viros
1586 649 1881 729 prinoipes
1912 672 1986 711 ex
2012 652 2183 731 regia
2212 652 2400 730 stirpe
2434 653 2720 730 oriundoS,

399 743 537 805 liiue
583 759 737 801 nova
777 736 1056 812 discidia,
1103 757 1283 797 novos
1329 736 1626 797 discessus
1671 743 1728 796 et
1770 735 1834 795 in
1872 736 1992 796 alia
2030 735 2158 798 loca
2199 735 2624 816 profectioneS,
2669 748 2723 799 et

400 827 535 890 inde
582 824 799 885 reditus
839 843 969 884 esse
1011 823 1227 899 factos,
1276 831 1337 882 ut
1377 820 1593 882 diversi
1642 819 1737 881 llii
1780 820 2029 882 restituti
2084 833 2354 883 auctores
2405 823 2570 903 prodi
2618 842 2722 901 po-

400 911 633 974 tuerint.
725 907 854 968 Hoe
901 907 1128 986 quidem
1180 910 1346 969 modo
1392 905 1828 968 diversissimae
1870 905 2020 973 istae
2063 907 2418 989 scriptorum
2477 906 2719 969 rationes

399 993 668 1075 componi
715 1001 774 1054 et
816 991 1111 1053 conciliari
1156 991 1307 1052 inter
1350 1012 1414 1053 se
1458 992 1632 1052 facile
1675 1000 1939 1070 possunt.
1961 992 2028 1022 “⁷
2643 1002 2704 1063 ..⁷2-

524 1081 717 1159 „Sed,
749 1087 810 1137 ut
842 1077 1098 1138 diximus
1121 1127 1136 1156 ,
1174 1076 1342 1138 nobis
1370 1090 1480 1138 noa
1517 1086 1633 1139 tam
1667 1078 1724 1137 id
1760 1080 2050 1157 agendum
2086 1086 2204 1154 est,
2242 1086 2307 1138 ut
2333 1075 2721 1138 diversitatem

346 1162 349 1167 ³
399 1164 754 1229 narrationis
782 1163 846 1223 in
875 1183 1217 1224 eonsensum
1242 1162 1620 1242 redigamus,
1666 1183 1837 1241 quam
1873 1171 1937 1222 ut
1969 1161 2194 1241 copiam
2225 1184 2425 1224 rerum
2464 1171 2723 1221 narrata-

399 1273 566 1329 rum,
613 1269 759 1329 quae
788 1256 994 1327 poetae
1027 1247 1269 1309 materia
1313 1246 1838 1325 carminiskfuerit,
1884 1269 1958 1308 ex
1992 1248 2101 1308 liae
2131 1246 2263 1325 ipsa
2315 1246 2597 1310 varietate
2626 1248 2723 1306 ‹le-

401 1336 711 1411 claremus.
767 1334 920 1395 Sunt
945 1341 1134 1394 autem
1170 1333 1379 1409 multa,
1409 1353 1587 1411 quae,
1622 1332 1731 1394 etsi
1764 1334 1838 1393 ab
1866 1333 2001 1394 aliis
2031 1332 2149 1392 alia
2179 1333 2403 1395 ratione
2432 1334 2723 1393 traduntur

401 1430 461 1485 et
488 1426 798 1498 ornantur,
829 1417 1066 1497 fundum
1103 1427 1293 1478 tanum
1326 1439 1683 1488 coummnem
1716 1416 1946 1497 priscae
1973 1418 2218 1479 alieuius
2249 1429 2306 1481 et
2341 1439 2378 1479 a
2411 1416 2721 1485 maioribus

401 1514 671 1585 acceptae
708 1500 1058 1565 narrationis
1105 1513 1297 1583 aperte
1331 1505 1606 1583 produut3
1653 1513 1791 1564 sunt
1822 1502 1973 1579 alia,
2019 1503 2324 1582 inquibus
2362 1522 2565 1563 omues
2607 1500 2722 1560 fere

399 1590 787 1666 conveniunt,
834 1587 915 1649 uti
961 1587 1367 1665 Callistratus,
1413 1588 1661 1668 Satyrus
1707 1597 1762 1648 et
1801 1588 2113 1662 Arc-tinus,
2159 1589 2254 1650 hie
2297 1588 2535 1667 quidem
2579 1583 2725 1645 anti-

401 1676 755 1757 quissimus,
803 1669 869 1732 in
909 1674 1053 1734 boe:
1111 1675 1361 1733 Aeneam
1412 1674 1657 1735 Penates
1705 1694 1835 1751 cum
1881 1673 2144 1735 Palladio
2192 1672 2515 1735 abstulisse
2559 1669 2722 1749 (ride

377 1762 488 1826 ib.
528 1782 581 1824 c.
612 1759 717 1822 68.
751 1755 857 1821 69.
899 1761 1044 1818 adde
1076 1758 1369 1838 Lycophr.
1416 1757 1603 1824 1261.
1639 1778 1767 1837 sqq.
1811 1759 2078 1837 Xenopb.
2122 1761 2191 1819 de
2232 1759 2443 1823 Venat.
2482 1757 2555 1834 l,
2589 1753 2721 1831 15.;

404 1855 624 1927 patrem
669 1841 950 1911 etlilium
1007 1863 1202 1904 secum
1245 1842 1507 1906 «luxisse.
1596 1843 1768 1919 (Vid.
1825 1843 2038 1929 partim
2097 1844 2237 1907 ibid.
2299 1841 2517 1925 partim
2560 1844 2723 1900 Auct.

402 1935 476 1993 de
512 1929 682 2009 Orig.
719 1927 793 1991 G.-
824 1928 999 1991 Rom.
1046 1949 1099 1991 e.
1143 1925 1204 1990 9.
1244 1936 1301 1989 et
1350 1928 1480 2004 ll.,
1522 1936 1580 1988 et
1626 1927 1914 2007 imprimis
1963 1928 2265 2008 egregium
2315 1950 2390 1988 ex
2423 1922 2723 2007 Sophoclis

403 2018 739 2093 Laocoonte
786 2012 974 2072 lorum
1016 2034 1111 2092 ap.
1152 2012 1498 2112 Dionys),
1542 2009 1648 2076 48.
1736 2008 1879 2074 Nfiv
1936 2006 1985 2073 δ’
2046 2006 2108 2073 ἐν
2165 2007 2473 2093 πῷλαισιν
2515 2003 2723 2073 Αἰνέας
2777 2054 2786 2073 ,ν

409 2095 443 2164 ὁ
487 2097 610 2183 τῆς
654 2093 816 2160 θεοῦ
863 2092 1186 2177 noceam-⁰,
1253 2090 1344 2158 ἐπ’
1384 2118 1577 2179 ωμων
1621 2093 1822 2185 πατέρ’
1868 2091 2049 2180 ἔχειν
2108 2094 2445 2185 κεραυνίου
2490 2086 2721 2156 Νὼτου
2831 2130 2834 2133 ¹

407 2179 921 2267 καταστάζοντα
949 2178 1263 2260 βύσσινον
1308 2179 1570 2264 φάρος.)
1623 2183 1709 2245 ,Α
1738 2185 2027 2246 Strabone
2061 2185 2241 2263 Xlll,
2286 2207 2348 2266 p.
2381 2184 2531 2248 607·.
2577 2180 2722 2240 inter
2831 2232 2834 2267 4

406 2254 936 2354 vokdpv'kkjra
984 2280 1335 2331 memoratur
1377 2281 1435 2330 et
1475 2271 1617 2346 hoe,
1659 2278 1717 2329 ct
1759 2266 1908 2348 alia,
1950 2269 2355 2351 imprimisque
2392 2270 2457 2331 in
2497 2264 2720 2328 Latium

406 2355 1101 2435 discessisseff'Aeneam,
1128 2365 1184 2417 et
1225 2357 1539 2417 seeundum
1584 2353 1879 2416 oraculum
1921 2375 1990 2416 eo
2032 2355 2160 2417 loeo
2206 2353 2582 2428 consedisse,
2627 2344 2719 2408 ubi

407 2450 671 2507 mensam
702 2436 1115 2530 eomedi'ssent.
1197 2438 1515 2520 Vulgarem
1572 2441 1723 2501 hane
1757 2438 1919 2508 inter
1957 2439 2137 2514 Italos
2181 2440 2374 2504 fuisse
2431 2435 2716 2510 fabulam,

408 2538 476 2590 ut
528 2525 878 2590 cranei-am
930 2524 1089 2586 illam
1147 2527 1217 2585 de
1272 2545 1376 2585 sue
1434 2524 1717 2605 gravida,
1775 2524 2010 2604 copiose
2070 2528 2236 2589 docet
2294 2526 2481 2588 Dion.
2530 2518 2718 2583 Halic.

410 2615 474 2692 l,
517 2608 626 2678 55.
667 2608 776 2674 56.
822 2609 1031 2671 Conon
1070 2610 1308 2673 Narrat.
1353 2606 1461 2673 46.
1518 2620 1574 2671 et
1619 2631 1692 2671 ex
1738 2610 2006 2688 Lutatio,
2069 2610 2294 2674 Catone
2333 2621 2392 2672 et
2436 2609 2716 2679 Caesare,

409 2692 649 2761 Auctor
686 2685 758 2757 de
803 2693 973 2775 Orig.
1019 2694 1092 2759 G.
1135 2695 1213 2757 R.
1270 2715 1322 2758 c.
1360 2695 1460 2758 11.
1511 2694 1651 2771 l2.;
1715 2715 1787 2756 ex
1826 2716 1936 2775 quo
1981 2695 2153 2775 plane
2196 2706 2390 2776 patet,
2457 2715 2533 2755 ex
2575 2686 2719 2752 seri·
2829 2735 2830 2754 1

411 2781 676 2866 ptoribus
724 2779 954 2842 Latinis
1001 2779 1254 2858 antiquis
1299 2801 1416 2840 non
1458 2779 1632 2841 facile
1679 2780 1859 2841 ullum
1901 2781 2121 2859 fuisse,
2183 2784 2285 2861 qui
2330 2782 2563 2842 Aeneae
2604 2775 2719 2835 fata
2829 2793 2830 2800 ¹

413 2876 473 2929 et
519 2868 828 2929 adveutum
868 2862 931 2925 in
967 2862 1195 2926 Italiam
1237 2886 1356 2926 non
1399 2864 1755 2944 exposuerit.
1842 2865 1984 2926 ltem
2011 2866 2195 2929 Varro
2230 2863 2302 2930 de
2334 2868 2413 2929 R.
2446 2865 2523 2927 R.
2555 2861 2629 2936 ll,
2656 2852 2715 2918 4·

410 2953 574 3016 Adde
601 2935 896 3033 Lycophr.
930 2949 1117 3012 1250.
1147 2970 1276 3030 sqq.
1342 2951 1502 3010 Inter
1534 2960 1719 3024 cete-ra
1752 2959 1942 3011 tamen
1972 2951 2227 3012 omnium
2256 2950 2515 3013 maxime
2555 2953 2719 3007 nota-
2827 2943 2828 2962 ÷

415 3037 532 3100 bile
555 3035 982 3115 videtuvillud,
1015 3038 1164 3120 quod
1196 3034 1403 3096 Graeci
1433 3035 1747 3116 scriptoses
1777 3038 1994 3097 dudum
2020 3045 2151 3098 ante
2177 3035 2434 3119 Augusti
2472 3043 2717 3110 tempora

417 3120 705 3199 originem
745 3122 1142 3183 Romanorum
1183 3140 1218 3180 a
1264 3118 1547 3181 Troianis
1592 3121 1899 3200 Aeaeaque
1945 3123 2272 3202 duxerunt,
2320 3131 2378 3183 et
2416 3113 2714 3196 imperium

417 3205 578 3269 orbis
622 3213 902 3265 terrarum
945 3227 1020 3266 ex
1052 3204 1382 3267 Homericis
1412 3207 1482 3266 de
1512 3205 1711 3267 Aenea
1735 3204 2003 3267 versibus
2028 3208 2100 3267 ad
2145 3227 2244 3269 eos
2287 3202 2715 3269 transtulerunt.

416 3289 550 3356 vid.
601 3289 824 3360 Conon.
868 3290 1105 3354 Narrat.
1150 3285 1289 3368 46„
1349 3300 1405 3351 et
1460 3290 1747 3371 imprimis
1791 3291 2083 3371 Lycophr.
2141 3312 2202 3356 v.
2245 3289 2432 3355 1226.
2468 3306 2594 3365 sqq.
2637 3313 2716 3328 -·

419 3376 593 3454 Quod
659 3394 762 3455 per
828 3394 866 3453 p
890 3394 1017 3435 rae
1037 3378 1070 3436 d
1091 3374 1225 3436 icti
1249 3397 1284 3437 o
1302 3396 1468 3436 num
1545 3378 1825 3456 ainlmges
1899 3384 2050 3438 totus
2105 3377 2384 3439 Aeneidis
2444 3375 2715 3433 decursus
2823 3397 2824 3406 ¹

417 3458 872 3544 praecipitatum,
933 3451 1085 3521 inter
1139 3459 1442 3538 praeclara
1500 3458 1965 3539 ingeniosissimi
2025 3469 2229 3543 poetae
2273 3462 2513 3524 inventa
2552 3474 2589 3516 a
2628 3467 2715 3511 me

419 3553 783 3607 numeratum
848 3554 958 3608 est.
1057 3544 1275 3606 Miram
1347 3545 1502 3606 enim
1557 3547 1635 3605 „d
1690 3544 1987 3607 bominum
2040 3546 2267 3610 animos
2331 3546 2451 3609 vim
2511 3539 2716 3602 baben!

419 3629 744 3691 futurarum
783 3649 977 3690 rerum
1019 3628 1523 3707 denuntiationes,
1561 3638 1616 3691 et
1657 3651 1732 3692 ex
1779 3629 1855 3691 iis
1901 3632 2162 3696 eve'utuS.
2252 3631 2485 3712 Quippe
2525 3645 2594 3685 ea
2634 3624 2717 3680 est

418 3713 655 3778 humani
688 3712 924 3795 generis
955 3712 1134 3775 veluti
1160 3712 1559 3792 imbecillitas,
1601 3724 1699 3792 ut,
1745 3715 2060 3796 siNsutura,
2104 3735 2450 3798 quamquain
2484 3712 2718 3773 obscure
2760 3787 2770 3796 ι

421 3806 478 3860 et
517 3799 791 3879 ambigue
831 3808 888 3860 et
930 3797 1090 3884 nullo
1131 3819 1261 3860 cum
1303 3798 1497 3859 fructu
1546 3797 1925 3881 praevisa‘ae
1961 3802 2256 3882 praedicta
2295 3793 2712 3864 audiverimus,
2819 3837 2820 3840 ¹

419 3881 638 3944 maiore
681 3882 988 3945 miratione
1034 3882 1280 3945 contacti
1340 3882 1526 3945 simus
1581 3905 1816 3964 omnes,
1878 3906 2050 3965 quam
2101 3887 2163 3948 si
2202 3881 2533 3969 praeseutia
2579 3879 2716 3937 bene

420 3966 711 4046 constitui,
744 3971 1055 4048 prudenter
1084 3968 1214 4048 geri
1242 3968 1579 4034 viderimus.
1663 3969 1916 4051 Accedit,
1946 3959 2715 4050 qnod,acc0mmodatissima

420 4050 682 4132 poetic-ae
723 4051 835 4114 arti
880 4063 937 4115 et
965 4051 1209 4115 orationi
1251 4052 1357 4115 illa
1398 4063 1489 4115 est
1519 4055 1901 4135 exspectatio,
1948 4076 2119 4135 quam
2161 4053 2439 4121 vaticinia
2474 4043 2712 4119 faciunt,

424 4145 483 4200 et
506 4142 710 4213 poetae
745 4137 1012 4217 spiritum
1043 4137 1190 4199 nihil
1218 4137 1438 4200 maiore
1466 4137 1530 4202 vi
1568 4135 1810 4220 impellit
1841 4149 1896 4200 et
1924 4139 2277 4223 inflammat,
2320 4154 2485 4220 quam
2519 4137 2713 4192 Vatum

424 4218 621 4298 furor,
663 4229 719 4281 et
749 4223 1105 4286 oraculorum
1146 4225 1451 4305 ambages,
1533 4222 1799 4305 Denique
1822 4224 2107 4308 Virgilius
2138 4248 2209 4290 ea
2250 4230 2431 4290 aetate
2461 4215 2710 4287 vivebat,

424 4322 541 4381 qua
595 4311 747 4366 totus
801 4314 1079 4370 terrarum
1116 4307 1299 4372 ‘orbis
1354 4308 1502 4371 miro
1553 4308 1960 4373 vaticiniorum
2005 4321 2063 4374 et
2111 4312 2465 4376 oraculorum
2493 4311 2712 4380 ‚amore
2795 4343 2812 4376 κ

320 4463 327 4470 ,
424 4386 749 4459 insaniebat
786 4389 900 4470 (cf.
929 4395 1177 4475 Argum.
1218 4393 1350 4462 Ecl.
1374 4383 1535 4481 IV.);
1580 4394 1665 4460 ita
1691 4402 1757 4459 ut
1797 4394 1915 4462 ista
1941 4399 2327 4483 expediendae
2364 4378 2708 4472 narpfiossis
