2870 4981
745 333 776 356 ν
917 315 1330 395 summos
1388 328 1546 398 Lm.
1579 331 1681 401 ιν.
1794 366 1805 373 -
2161 275 2166 286 ⁹
2322 342 2459 440 ‚421

143 524 393 587 Sidera:
442 530 594 599 tum,
642 521 696 581 si
740 521 890 601 quod
931 540 1051 583 non
1092 526 1276 602 aequo
1313 518 1546 584 foedere
1588 526 1837 588 amantis
2331 533 2464 601 520
2552 603 2561 612 .

143 607 343 672 Curae
384 601 597 668 ‘numen
642 606 815 669 habet
856 605 1181 687 iustumque
1222 625 1586 687 memorque,
1629 620 1920 691 precatur.
2198 628 2203 633 ’
2341 629 2348 660 ¹

317 693 453 757 Nox
496 699 619 752 erat
636 739 653 768 ‚
702 698 758 751 ot
797 689 1085 773 placidum
1129 693 1445 769 carpebant
1484 692 1647 758 fessa
1688 715 1953 777 soporem

144 779 412 860 Corpora
456 797 563 857 per
610 785 794 837 terras
814 824 831 853 ,
874 776 1169 855 silvaeque
1213 785 1271 837 et
1313 791 1495 839 saeva
1544 778 1812 860 quierant

139 864 445 943 Aequora,
491 882 668 941 quum
708 859 896 922 medio
937 860 1250 923 volvuntur
1289 862 1486 924 sidera
1529 862 1699 945 lapsu
1721 914 1738 945 ,

140 951 340 1026 Quum
384 956 535 1009 tacet
571 946 759 1008 omnis
789 967 969 1025 ager.
1044 942 1309 1008 Pecudes
1351 945 1653 1029 pictaeque
1699 951 1962 1020 volucres
1981 1005 1999 1036 ,
2330 959 2461 1028 525

91 1043 95 1050 ’
142 1035 429 1112 Quaeque
473 1031 635 1093 lacus
675 1030 793 1093 late
834 1030 1118 1112 liquidoS,
1166 1050 1429 1110 quaeque
1468 1051 1681 1132 aspera
1721 1038 1911 1100 dumis
2163 1054 2168 1066 ·

136 1121 313 1182 Rura
356 1124 577 1195 tenent,
622 1117 832 1180 somno
869 1116 1092 1197 positae
1125 1118 1247 1177 sub
1287 1125 1457 1177 nocte
1499 1117 1727 1199 silenti,

137 1204 439 1272 Lenibant
483 1221 655 1264 curas
698 1211 755 1263 et
797 1204 976 1263 corda
1014 1199 1195 1261 oblita
1231 1200 1532 1286 laborum:

142 1403 413 1487 conscius
449 1401 683 1484 (gether,
718 1399 832 1481 nisi
864 1408 1106 1482 praestat
1135 1416 1266 1457 cum
1299 1401 1530 1484 'thielio
1561 1402 1913 1488 interpretari
1932 1427 1959 1464 z·
1996 1428 2144 1493 quae
2173 1422 2464 1499 tamqnam

144 1478 298 1533 coeli
339 1474 490 1527 oculi
526 1486 718 1525 omma
750 1468 949 1523 vident
980 1469 1225 1544 ideoque
1269 1479 1437 1525 etiam
1473 1472 1584 1527 fata
1619 1473 1916 1529 hommum
1955 1491 2158 1535 sciunt.
2194 1481 2281 1537 cf.
2315 1486 2483 1542 infra'

137 1549 229 1600 lx
248 1584 264 1611 ,
294 1542 415 1595 429.
443 1567 512 1580 -
579 1540 699 1592 520.
721 1545 899 1604 „mm
928 1545 1139 1592 numen
1161 1548 1490 1611 precatur,
1525 1540 1772 1623 siquod
1801 1542 1972 1600 habet
1996 1564 2177 1614 curae
2201 1564 2461 1610 amanus
2557 1547 2560 1550 Δ

137 1630 266 1669 mm
305 1627 345 1663 a
877 1604 935 1658 h.
973 1620 1023 1657 e.
1063 1622 1161 1660 eos
1197 1604 1452 1676 respicit,
1504 1626 1606 1682 qui
1642 1620 2067 1678 mutuo.amore
2109 1634 2228 1671 non
2262 1635 2465 1675 aman-

136 1677 312 1736 tlir.“
346 1604 962 1731 ffaesscffeerit'zbere
1005 1670 1255 1752 aliquem
1299 1675 1509 1744 legitur
1539 1695 1591 1732 e.
1631 1693 1686 1758 g.
1735 1696 1826 1749 ap.
1867 1679 1983 1736 Cio.
2019 1682 2091 1737 ad
2125 1685 2462 1757 Fam.v111,

136 1753 201 1807 8,
258 1750 400 1800 extr.
448 1750 504 1795 et
549 1756 640 1810 ap.
686 1741 839 1793 Suet.
887 1741 1079 1795 Octav.
1105 1742 1190 1797 48.
1239 1751 1296 1795 et
1336 1759 1468 1798 oum
1513 1744 1704 1800 verbis
1750 1765 1934 1821 aequo
1964 1751 2220 1821 foedere
2268 1756 2462 1810 Butm.

143 1818 439 1882 comparat
484 1808 653 1863 ovid.
701 1809 837 1861 Her.
865 1810 1010 1873 XV,
1048 1810 1165 1863 163.
1238 1808 1532 1889 Quoniam
1577 1831 1695 1869 non
1743 1814 1977 1885 ignibus
2009 1818 2212 1894 aequis
2250 1820 2465 1877 Urerz’s

142 1893 208 1938 et
256 1884 390 1934 Ter.
435 1880 580 1931 Eun.
606 1879 660 1942 I,
695 1880 757 1942 2,
800 1880 881 1928 11.
934 1876 1052 1943 [ita
1086 1878 1239 1946 enim
1266 1881 1385 1961 leg.
1424 1898 1527 1951 pro
1561 1884 1615 1962 l,
1658 1883 1742 1949 1.]
1815 1882 2060 1958 νΠτίηιτπι
2135 1906 2239 1943 ars
2271 1908 2467 1965 aequa

142 1946 371 2009 amoris
417 1944 524 1999 tibi
566 1953 712 1998 esset
764 1959 999 1998 mecum.
1070 1946 1195 1999 Wr.
1233 1950 1476 2002 similem
1512 1950 1700 2006 Aiacis
1748 1962 1986 2007 mortem
2021 1955 2066 2009 si
2113 1955 2465 2014 iinsetentis

139 2014 573 2074 obtestationem
627 2028 719 2090 ap.
756 2011 930 2079 Soph.
965 2014 1085 2067 835.
1120 2031 1249 2097 sqq.
1298 2018 1550 2072 conferri
1594 2015 1774 2072 iubet‘.
1809 2050 1880 2062 --
1946 2023 2066 2082 522.
2101 2024 2206 2079 His
2251 2025 2461 2081 adum-
2568 2081 2569 2084 ,

73 2092 87 2098 ’
134 2087 392 2149 bratam,
435 2082 533 2136 sed
572 2081 770 2144 minus
791 2094 1020 2136 suavem
1045 2093 1224 2139 noctis
1249 2084 1682 2154 descriptionem
1716 2089 1772 2139 le
1812 2087 1958 2142 imus
1982 2107 2072 2160 ap.
2107 2093 2254 2156 Stat„
2273 2094 2460 2154 Theb.

143 2154 524 2231 111‚'407.sqq.
550 2146 635 2199 ct.
662 2146 825 2199 etiam
855 2148 1021 2201 Ovid.
1052 2151 1186 2205 Met.
1218 2153 1330 2218 Vn,
1352 2156 1466 2207 185.
1493 2171 1616 2226 sqq.
1644 2156 1764 2211 eius
1809 2193 1826 2208 .
1849 2156 2021 2211 Trist.
2047 2162 2088 2225 1,
2115 2164 2166 2226 3,
2190 2165 2277 2215 27.
2304 2166 2460 2217 mul-

51 2255 58 2260 .
142 2223 306 2294 tique
362 2217 454 2271 alii
500 2216 787 2286 poetarum
833 2215 940 2269 loci
991 2217 1223 2275 similes.
1291 2219 1564 2289 Virgilius
1607 2232 1793 2284 autem
1845 2235 1974 2277 ante
2020 2230 2215 2286 oculos
2259 2228 2462 2287 habuit
2490 2245 2501 2258 ⁸

144 2288 417 2358 Apollon.
444 2280 531 2350 ΙΙΙ,
556 2282 675 2336 744.
702 2299 829 2363 sqq.
857 2291 912 2336 et
938 2285 1030 2350 IV,
1059 2289 1191 2365 1958
1234 2305 1380 2360 sqq„
1408 2306 1583 2362 quem
1608 2289 1716 2343 iam
1745 2300 1875 2354 ante
1896 2294 2186 2349 Maronem
2211 2314 2458 2353 conver-

141 2358 279 2414 tisse
305 2355 621 2407 >Varronem
648 2351 974 2417 Atacinum,
1019 2368 1179 2410 cuius
1205 2373 1399 2411 versus
1435 2374 1524 2426 ap.
1548 2360 1746 2414 Senec.
1777 2358 2040 2415 Controv.
2073 2364 2157 2417 16.
2196 2374 2336 2419 extr.
2370 2369 2462 2421 le-

142 2433 366 2503 gantur,
391 2420 478 2476 11.
512 2419 795 2476 admonet.
827 2416 1084 2479 Ceterum
1112 2438 1240 2476 cum
1266 2442 1321 2478 v.
1350 2427 1468 2478 522.
1495 2425 1566 2479 cl'.
1590 2429 1642 2496 Ι,
1655 2429 1776 2483 691.
1802 2458 1869 2469 --
1907 2428 2028 2482 523.
2045 2448 2178 2500 per
2202 2441 2450 2504 terras,

148 2486 801 2564 ubique¹terrarum,·in
837 2497 943 2541 tota
982 2497 1144 2543 terra.
1180 2523 1248 2532 —-
1295 2492 1538 2549 silvae
1570 2505 1641 2550 et
1674 2513 2018 2570 aequora
2050 2498 2454 2573 quior-ant,

147 2569 323 2616 vento
374 2555 481 2613 sub
534 2563 755 2608 noctem
805 2568 1077 2610 cessante.
1118 2558 1234 2612 'CR
1283 2579 1452 2630 supra
1485 2565 1584 2631 Ill,
1624 2565 1743 2618 568.
1784 2591 1848 2602 -
1958 2565 2275 2622 wicram
2306 2571 2463 2626 idem
2490 2605 2506 2617 2

152 2632 283 2682 esse
316 2624 467 2699 quod
505 2621 902 2697 quiescebam,
984 2643 1115 2679 uum
1149 2629 1451 2700 quiescere.
1473 2648 1640 2700 saepe
1677 2634 1792 2698 vim
1828 2632 1886 2686 in
1964 2633 2203 2688 oativam
2242 2649 2462 2708 servet,

154 2712 293 2757 vere
330 2694 558 2746 adnotat
583 2691 708 2743 Wr.
725 2729 741 2757 ,
782 2692 911 2744 coll.
993 2695 1141 2751 laud.
1179 2696 1237 2748 in
1270 2696 1404 2757 Rus.
1428 2701 1504 2766 11,
1530 2701 1651 2752 327.
1679 2717 1806 2773 sqq.
1842 2699 2102 2758 Labitur
2124 2701 2186 2757 in
2211 2721 2461 2764 somnos·

161 2763 226 2820 V
227 2763 302 2817 1·oe
322 2770 443 2815 toto
473 2759 652 2813 corde
675 2756 938 2831 quierat,
977 2761 1130 2816 Ecce-
1150 2762 1455 2825 m’detcett·⁸
1480 2797 1550 2809 —
1581 2765 1702 2823 524.
1732 2772 2020 2836 „medio
2048 2766 2465 2830 volvuntur·

157 2829 430 2886 sidera
467 2825 728 2893 lapsu,
767 2843 931 2879 cursu
972 2847 1070 2898 per
1094 2831 1335 2888 mediam
1372 2835 1516 2901 coeli
1553 2846 1799 2905 parterm
1836 2840 1905 2891 ad
1941 2839 2138 2893 rudem
2166 2838 2468 2897 hominum

157 2895 462 2954 sensum.“
514 2895 602 2949 H.
642 2919 709 2932 -·
776 2896 895 2948 525.
926 2897 1191 2967 pictae
1234 2898 1601 2959 volucres.
1675 2905 1809 2958 Vid.
1860 2907 1930 2960 ad
1971 2907 2072 2959 Ge.
2096 2908 2196 2973 111,
2231 2909 2354 2971 243.
2394 2939 2466 2953 --
2534 2960 2541 2969 ,

158 2968 282 3033 526.
322 2967 446 3018 Nan
492 2978 641 3016 nova
686 2960 781 3014 hic
824 2962 1151 3020 animalium
1198 2984 1403 3038 genera
1447 2970 1715 3041 adiungi,
1765 2974 1865 3027 sed
1913 2991 2048 3029 aves
2091 2977 2377 3044 aquaticas
2411 2985 2469 3032 et

160 3034 444 3091 silvestres
495 3028 763 3099 distingui
809 3042 1002 3086 censet
1054 3036 1203 3108 Wr„
1254 3053 1429 3106 quum
1484 3055 1539 3092 v.
1569 3044 1688 3093 527.
1725 3040 1958 3110 positae
1999 3050 2301 3112 sequatur,
2345 3062 2469 3099 non

147 3099 374 3172 posim.
446 3099 554 3153 Sed
584 3114 685 3150 cnr
714 3098 959 3167 pecudes
989 3109 1202 3155 tantum
1238 3111 1292 3156 et
1323 3120 1456 3160 aves
1480 3110 2001 3163 commemoraverit
2027 3109 2228 3178 poeta?
2264 3112 2470 3184 quidni

165 3169 334 3223 etiam
372 3166 619 3234 pisces
654 3175 708 3217 et
742 3166 769 3218 s
779 3183 810 3218 e
824 3184 853 3218 r
862 3168 977 3246 as?
1014 3186 1189 3240 quum
1224 3180 1416 3240 aperte
1446 3175 1634 3228 omnia
1672 3174 1904 3230 omnino
1937 3177 2240 3231 animantia
2267 3195 2470 3234 somno

111 3242 123 3256 '
164 3254 228 3292 se
279 3234 503 3289 dedisse
546 3232 683 3285 velit
730 3233 1073 3305 significare3
1123 3247 1179 3291 et
1223 3254 1415 3292 nonne
1458 3243 1527 3294 ad
1575 3260 1726 3316 quae
1762 3272 1789 3284 -
1827 3274 1852 3286 -
1879 3245 2113 3314 positae
2166 3262 2470 3303 commune

166 3303 309 3359 illud
348 3301 659 3357 bestiarum
705 3317 829 3354 voc.
879 3307 1141 3373 supplere
1187 3304 1353 3360 nobis
1401 3309 1569 3363 licet?
1637 3311 1946 3380 Weichert.
1984 3314 2056 3366 de
2088 3330 2261 3370 verss.
2299 3314 2469 3369 iniur.

160 3388 354 3440 suspp.
393 3387 449 3439 p.
481 3373 568 3424 91.
606 3370 678 3421 de
712 3368 962 3437 piscibus
997 3381 1052 3424 et
1087 3373 1571 3444 serpentibus
1611 3379 1892 3451 cogitavit.
1927 3406 1995 3428 -ψ-
2061 3383 2180 3437 527.
2217 3396 2472 3439 somno

151 3437 484 3510 positae.
572 3434 657 3489 Cf.
706 3439 827 3493 Ec).
867 3439 967 3504 VI,
1020 3440 1101 3492 14.
1148 3458 1344 3496 somno
1386 3443 1681 3507 iacentem.
1733 3479 1803 3490 -
1885 3450 2127 3503 Versum
2167 3453 2318 3517 5282,
2369 3448 2474 3522 qui

160 3524 304 3563 sane
349 3503 505 3559 abest
551 3521 584 3558 a
621 3504 876 3558 Mediceo
922 3517 976 3560 et
1028 3507 1285 3575 pluribus
1334 3512 1460 3570 aliis
1503 3512 1697 3582 libris,
1743 3533 1932 3590 neque
1985 3534 2016 3569 a
2051 3517 2248 3572 Servio
2292 3520 2472 3572 lectus

160 3573 419 3638 videtur,
504 3590 636 3625 uum
672 3571 960 3640 perturbet
1012 3593 1238 3630 omnem
1286 3579 1396 3633 loci
1451 3589 1810 3651 structuram,
1865 3585 1987 3639 Wr.
2024 3585 2055 3653 (
2071 3574 2475 3653 praeeuntibus

163 3639 434 3704 Heinsio,
462 3590 540 3691 ⁶2¹1.
577 3650 630 3694 et
662 3640 971 3696 Schradero
1008 3645 1321 3699 Emendatt.
1350 3652 1426 3701 X.
1465 3665 1520 3718 p.
1547 3653 1708 3718 203.)
1759 3651 2013 3722 spurium
2058 3653 2277 3707 censuit
2311 3662 2366 3707 et.
2396 3669 2472 3705 ex

165 3712 278 3774 IX,
318 3707 436 3769 224.
484 3710 602 3761 225.
651 3708 979 3776 conflatum,
1032 3712 1289 3794 adeoque
1337 3732 1408 3768 ex
1465 3717 1664 3788 ordine
1711 3729 2020 3774 ceterorum
2069 3722 2326 3776 removit.
2395 3720 2472 3774 At

165 3776 415 3846 primum
456 3790 625 3827 nemo
655 3776 813 3829 facile
841 3777 1076 3845 dixerit,
1111 3797 1208 3852 qui
1234 3781 1439 3840 sactum
1465 3785 1567 3850 sit,
1606 3796 1666 3840 ut
1697 3788 1789 3842 hic
1822 3805 2017 3845 versus
2051 3807 2083 3841 a
2111 3789 2473 3869 grammatico

167 3844 362 3921 aliquo
397 3845 487 3895 vel
526 3841 756 3898 librario
789 3845 1121 3912 adderetur,
1153 3849 1367 3903 vdeiude
1404 3861 1460 3906 et
1493 3856 1764 3909 sententia
1802 3865 1859 3909 et
1887 3854 2060 3910 verba
2096 3874 2218 3912 eius
2248 3852 2473 3913 summo

169 3912 334 3982 poeta
371 3910 606 3963 minime
640 3919 771 3965 sunt
803 3912 1051 3983 indigna,
1092 3932 1260 3987 quem
1298 3919 1344 3971 si
1380 3937 1453 3973 ex
1485 3923 1582 3988 1X,
1619 3923 1867 3979 225.<hic
1899 3914 2173 3980 inirusum
2204 3924 2471 3995 opineris,
2535 3937 2540 3944 ·

166 3996 291 4036 :non
340 3977 556 4033 facilius
604 3987 687 4032 est
731 3979 1050 4047 intellectu,
1114 3983 1250 4066 quid
1299 3990 1524 4041 tandem
1576 3989 2028 4063 interpolatorem
2074 3992 2472 4056 commoverit,
2526 4030 2531 4035 -

174 4057 238 4100 nt
271 4043 448 4098 verbo
486 4045 808 4102 Laxabam
823 4054 852 4115 ‚'
884 4051 1035 4117 quod
1074 4050 1151 4107 ibi
1186 4054 1241 4105 le
1281 4052 1420 4120 itur,
1459 4055 1819 4115 substitueret
1854 4060 2088 4114 formam
2124 4061 2278 4115 illam
2314 4061 2474 4125 inso-

174 4114 472 4169 lentiorem
510 4112 796 4167 Lenibant
830 4118 1010 4175 (cum‘
1045 4137 1155 4191 qua
1203 4068 1277 4174 clg.
1325 4122 1472 4178 infra
1517 4126 1619 4192 VI,
1655 4131 1775 4183 468.
1825 4131 1959 4195 Vn,
1993 4130 2114 4186 485.
2161 4131 2282 4186 790.
2319 4126 2473 4195 Vm,

178 4186 293 4235 160.
328 4182 449 4234 436.
489 4185 576 4246 Χ,
614 4184 731 4235 538.
782 4185 863 4234 XI
879 4221 894 4248 ,
932 4187 1049 4239 572.
1087 4197 1216 4242 cett.
1266 4202 1317 4244 et
1369 4195 1542 4245 multa
1589 4196 1825 4250 aliorum
1878 4200 2168 4268 poetarum
2214 4198 2476 4265 exempla

174 4248 245 4304 ab
280 4249 544 4305 Ruddim.
571 4253 611 4301 1.
650 4266 704 4317 p.
732 4253 849 4302 281.
887 4253 1109 4307 Ramsh.
1139 4258 1175 4325 ᾗ.
1207 4259 1294 4326 62,
1322 4260 1371 4312 5.
1408 4261 1756 4334 Schneidero
1777 4269 1820 4333 I,
1851 4271 1898 4318 1.
1936 4285 1992 4336 p.
2029 4268 2147 4321 124.
2170 4275 2225 4320 et
2248 4265 2475 4320 Struvio

185 4317 327 4372 Ueb.
357 4319 419 4372 d.
460 4315 687 4370 Laleiu.
717 4317 889 4373 Decl.
919 4337 983 4373 u.
1022 4320 1191 4400 Conj.
1222 4342 1276 4396 p.
1307 4332 1421 4383 137.
1451 4333 1650 4384 not..4.
1675 4334 1961 4400 collecta);
1995 4335 2239 4408 denique
2266 4353 2334 4389 eo
2367 4334 2471 4386 de-

179 4389 295 4439 leto
326 4386 630 4439 orationem
658 4384 935 4442 habemus
957 4404 1212 4445 mancam
1242 4403 1295 4446 et
1323 4393 1615 4466 abruptam
1643 4401 1990 4476 minimeque
2018 4414 2163 4473 apte,
2195 4413 2259 4457 ut
2282 4420 2312 4457 a
2341 4401 2478 4458 Vir-

184 4452 326 4526 gilio
341 4457 482 4508 solet
501 4493 514 4520 ,
544 4456 882 4511 conclusam.
954 4457 1077 4511 VVr.
1106 4460 1258 4518 enim
1274 4501 1291 4530 ,
1329 4474 1455 4533 post
1482 4482 1628 4536 ager
1651 4480 1954 4541 commate,
1989 4481 2117 4542 post
2139 4469 2333 4529 silenti
2355 4472 2480 4527 oolo
