2870 4981
887 256 1296 369 nummos
1352 300 1518 371 un.
1554 266 1686 376 iu..
1923 386 1926 395 „
2161 263 2172 390 ᾖ
2297 313 2432 393 2⁷⁵

141 485 401 550 Threicio
441 488 604 570 regi,
649 508 820 570 quum
862 487 980 552 iam
1022 487 1312 554 diffideret
1353 488 1534 551 armis

139 572 485 652 Dardaniae,
534 574 804 653 cingique
846 577 1047 636 urbem
1095 573 1396 636 obsidione
1440 574 1682 642 videret.

137 659 266 736 Ille,
312 667 372 717 ut
411 679 550 738 opes
593 661 813 722 fractae
855 659 1145 727 Teucrum
1187 667 1245 720 et
1281 659 1543 737 Fortuna
1583 661 1861 740 recessit,
1885 654 1914 667 Χ

136 740 248 806 Res
287 741 777 822 Agamemnonias
827 742 1202 824 victriciaque
1227 763 1411 806 &arma
1457 753 1718 823 secutus,
1984 798 1995 805 ,
2073 804 2078 812 ,
2376 791 2383 805 ..

135 830 246 908 Fas
288 848 454 889 omne
496 829 818 910 abrumpit,
864 828 1221 910 Polydorum
1266 830 1603 908 obtruncat,
1650 841 1707 890 et
1752 849 1895 894 auro
1962 842 1968 847 '
2087 866 2092 869 ·
2263 904 2268 909 ξ
2337 838 2425 904 55

136 1031 363 1086 deletam
413 1039 468 1084 et
503 1029 794 1084 adversam
807 1066 825 1096 ,
873 1043 1046 1101 quarn
1084 1027 1187 1083 illo
1223 1037 1477 1099 tempore
1510 1038 1772 1100 expertus
1806 1039 1919 1098 est,
1970 1032 2283 1104 {oi-tunam,
2320 1014 2423 1096 seii

132 1099 203 1155 ob
225 1098 484 1172 Polydori
519 1098 779 1162 caedem3
817 1096 970 1169 quod
1010 1096 1120 1150 iam
1144 1099 1270 1150 Wr.
1301 1097 1615 1167 perspexit,
1652 1115 1982 1180 comparans
2006 1103 2167 1158 illum
2196 1107 2423 1174 dicendi

131 1185 314 1231 usum,
355 1184 426 1220 ex
453 1184 568 1239 quo
601 1174 880 1233 amantes,
917 1164 1015 1237 qui
1047 1174 1179 1220 voto
1203 1184 1320 1220 non
1348 1165 1462 1220 sint
1488 1165 1743 1236 potituri,
1777 1167 2031 1223 infelices
2056 1176 2424 1245 appellentur,
2496 1219 2507 1234 .

361 1267 362 1273 =
409 1252 575 1302 supra
611 1236 668 1300 1,
702 1233 822 1289 749.
873 1233 1042 1297 (cum
1092 1239 1208 1306 qu'o
1244 1236 1368 1286 loco
1399 1233 1472 1286 cs.
1510 1251 1566 1287 v.
1601 1236 1721 1288 719.
1768 1245 1823 1289 et
1856 1237 2049 1304 749.);
2098 1241 2170 1294 ita
2206 1243 2357 1296 enim
2392 1265 2426 1299 a

370 1341 386 1369 ,
414 1365 417 1369 ,
441 1301 707 1371 Tragicos
744 1300 922 1372 magis
964 1317 1135 1372 quam
1169 1303 1479 1354 Homerum
1518 1300 1625 1354 hac
1660 1300 1718 1354 in
1754 1321 1815 1356 re
1848 1315 2150 1376 sequente,
2198 1308 2258 1362 in
2299 1311 2424 1380 ipso

361 1369 448 1424 nis
499 1367 735 1423 exordio
784 1386 948 1422 suum
1002 1368 1173 1423 animi
1213 1367 1466 1421 affectum
1504 1368 1685 1436 prodi.
1721 1400 1791 1411 --
1838 1376 2274 1438 „mandare
2320 1396 2421 1447 pro

361 1438 511 1490 tdare
554 1435 690 1504 poni
738 1435 906 1495 docet
947 1435 1137 1495 Barth.
1184 1437 1252 1489 ad
1308 1437 1443 1488 Stat.
1498 1434 1700 1488 Theba
1716 1437 1824 1504 IV,
1872 1440 2049 1491 624.‘·'
2094 1443 2309 1498 Burm,
2354 1479 2424 1488 .-.

362 1503 607 1559 re’icio
652 1500 845 1580 regi.
929 1505 1131 1556 Forma
1185 1502 1526 1570 Threicius,
1576 1521 1721 1575 quae
1766 1504 1912 1559 redit
1965 1508 2066 1574 VI,
2115 1510 2235 1564 645.
2295 1514 2416 1572 vll.
2479 1529 2484 1534 ·

361 1576 393 1640 Z,
440 1575 599 1638 659„
650 1569 830 1638 poetis
871 1569 1258 1638 usitatissima,
1327 1572 1503 1638 apud.
1530 1570 1791 1626 meliores
1836 1572 2110 1643 pedestris
2155 1579 2422 1638 orationis

361 1658 413 1696 es
459 1657 576 1692 non
610 1637 930 1700 invenitur,
983 1654 1113 1706 nam
1168 1638 1317 1709 apud
1362 1637 1478 1691 Cic.
1520 1637 1626 1691 Off..
1662 1640 1739 1707 11,
1775 1645 1838 1708 7,
1875 1642 1964 1694 25.
2003 1642 2216 1699 dudum
2254 1651 2422 1702 resti·
2473 1665 2481 1687 ¹

127 1737 245 1770 ωια,
281 1726 367 1763 σοι·
411 1705 600 1762 verior
648 1704 818 1759 lectio
872 1703 1162 1760 Thraciis.
1207 1722 1280 1748 —·‘
1345 1709 1430 1759 52.
1478 1707 1767 1777 Wagnero
1812 1720 2067 1777 suspecta
2118 1723 2201 1767 est
2248 1717 2421 1772 altera

123 1773 286 1828 huius
348 1791 547 1830 versus
611 1789 772 1842 pars,
879 1772 990 1826 uod
1052 1771 1162 1824 iam
1226 1773 1444 1827 dudum
1480 1785 1919 1844 'oppugnaretur
1982 1779 2181 1846 Troia,
2286 1801 2421 1839 uum

119 1841 367 1896 Priamus
404 1840 574 1895 rebus
610 1839 727 1894 suis
761 1789 1015 1893 diffidere
1049 1840 1327 1909 coeperit,
1367 1840 1423 1893 id
1463 1843 1614 1913 quod
1694 1840 2076 1916 artictila„.iatn
2110 1847 2253 1928 signi
2299 1861 2416 1920 cet,

117 1927 186 1965 ne
230 1926 302 1962 ue
339 1908 523 1964 statim
574 1916 864 1987 postquam
903 1907 1096 1961 Graeci
1128 1908 1520 1975 advenissent,
1570 1926 1630 1963 se
1706 1911 2017 1965 secundum
2052 1918 2242 1985 Eurip.
2278 1920 2418 1977 Hec.

118 1993 170 2029 v.
245 2014 260 2029 .
298 1994 414 2050 sq.,
450 1993 618 2049 quem
655 1974 924 2045 Virgilius
959 1975 1298 2043 expressisse
1332 1975 1623 2041 videatur:
1657 1973 1757 2030 ἐπεὶ
1794 1979 2006 2051 Φρυγῶν
2039 1983 2177 2035 πόλιν
2212 1988 2421 2049 κίνδυνος

118 2041 240 2113 ἔσχε
300 2042 401 2116 δορὶ
454 2046 610 2096 πεσεῖν
659 2040 956 2107 ‘Eumeni'
1016 2043 1329 2110 Polydorus
1394 2043 1455 2096 in
1504 2043 1802 2097 Thraciam
1845 2047 1935 2110 ‚sit
1996 2049 2220 2105 missus.
2306 2056 2419 2108 Sed

112 2112 429 2192 neglexisse
473 2109 829 2165 videtui-,Vir
867 2111 1067 2165 excell.
1095 2108 1425 2179 adverbium
1450 2108 1674 2180 ficrtim
1718 2128 1774 2164 v.
1808 2112 1894 2166 50.
1937 2115 2239 2185 ροεῐωπι,·
2262 2123 2418 2198 quod

115 2179 219 2233 nisi
249 2178 480 2233 servatis
518 2175 706 2231 verbis
735 2175 1003 2250 cingique
1034 2174 1233 2231 urbem
1261 2176 1559 2232 obsidione
1583 2176 1804 2232 videret
1826 2183 2122 2234 commode
2150 2186 2421 2254 explicari

117 2245 464 2315 vix-potest,
514 2245 725 2318 quippe
775 2262 921 2315 quae
963 2261 1134 2297 unam
1171 2244 1493 2299 contineant
1534 2261 1788 2312 causam,
1838 2263 1937 2301 cur
1960 2245 2185 2316 fumim
2221 2253 2461 2308 dimit--

117 2313 314 2367 tendus
363 2322 507 2368 esset
557 2313 908 2381 Polydorus..
967 2311 1310 2375 Sententiam
1362 2311 1515 2365 enim
1565 2312 1714 2365 hanc
1759 2331 1881 2369 esse
1929 2325 2109 2384 patet:
2163 2319 2415 2377 Priamus

119 2381 451 2450 Polydorum
499 2398 614 2432 una
663 2397 790 2432 cum
839 2378 1058 2450 magnis
1108 2379 1320 2445 divitiis
1357 2377 1585 2449 furtim
1620 2377 1799 2447 (clam
1837 2383 2093 2449 Graecis,
2147 2387 2416 2445 stationes

119 2448 447 2506 Graecorum
475 2445 702 2515 fallens)
739 2447 980 2515 dimisit,
1027 2463 1201 2527 quum
1231 2446 1340 2501 iam
1378 2446 1660 2502 diffideret
1692 2449 1860 2504 armis
1886 2448 2173 2519 Troianis,
2211 2452 2414 2512 urbem

118 2527 314 2570 autem-2
347 2514 648 2571 obsidione
702 2514 941 2569 cinctam
990 2516 1238 2582 videret,
1299 2515 1374 2569 ita
1435 2524 1501 2568 ut
1548 2518 1733 2585 palam
1785 2535 1914 2571 eum
1968 2518 2245 2576 dimittere
2293 2542 2414 2580 non

120 2594 316 2651 posset.
396 2586 538 2638 Nam
587 2582 685 2638 vix
725 2592 866 2663 puto
913 2600 1256 2657 quemquam
1301 2582 1443 2637 haec
1490 2582 1563 2636 ita
1612 2583 2097 2655 interpretaturum
2146 2606 2302 2657 esse,
2352 2605 2414 2649 ut

118 2652 388 2705 Priamum
437 2654 580 2705 clam
629 2668 779 2705 suis
826 2648 1156 2716 civibuS,
1206 2668 1348 2724 quos
1400 2649 1614 2706 divitiis
1657 2650 1773 2705 filio
1823 2652 2028 2706 additis
2078 2652 2413 2714 defraudare

119 2721 308 2787 vellet,
376 2720 714 2788 Polydorum
763 2716 1041 2775 dimisisse
1090 2716 1320 2771 indicet.
1399 2720 1669 2773 Praesens
1726 2729 1912 2774 autem
1974 2719 2131 2792 cingi
2175 2743 2294 2779 non
2338 2728 2413 2782 de

118 2804 181 2840 eo
227 2796 479 2857 tempore
527 2796 610 2840 est
643 2786 1009 2855 capiendum,
1057 2804 1171 2868 quo
1210 2786 1453 2854 primum
1486 2784 1622 2839 urbs
1656 2785 1916 2858 cingitur,
1969 2790 2067 2841 sed
2104 2790 2255 2845 idem
2293 2794 2413 2849 sere

117 2854 410 2924 significat,
448 2855 598 2927 quod
636 2852 878 2909 cinctam
909 2864 1112 2907 tenen.
1180 2857 1257 2906 lta
1293 2853 1445 2906 enim
1478 2852 1651 2907 verba
1688 2854 1981 2926 cingendi,
2021 2856 2413 2917 circumdandi

119 2932 171 2976 et
212 2922 418 2977 similia
463 2939 628 2990 saepe
675 2920 960 2989 usurpari.
1031 2930 1146 2975 tam
1191 2930 1390 2976 notum
1441 2930 1553 2987 est,
1617 2932 1680 2975 nt
1727 2924 2003 2993 exemplis
2036 2925 2411 2993 ,proferendis

118 2988 266 3043 facile
309 2991 679 3057 supersedere
721 2990 953 3058 possim.
1024 2988 1109 3041 Cf.
1148 2998 1365 3056 tamen,
1417 2988 1464 3043 si
1512 2988 1649 3043 tanti
1698 2998 1812 3057 est,
1865 2991 2043 3060 ipsius
2091 2992 2247 3045 Aen.¹
2273 2999 2409 3063 XII,

118 3060 227 3111 162.
253 3056 538 3125 (Latinus)
581 3054 955 3135 (Juadriiugo
990 3054 1216 3109 vehitur
1247 3074 1432 3110 cur-ru
1450 3094 1473 3123 ,
1512 3054 1611 3111 cui
1640 3066 1901 3125 tempora
1934 3056 2155 3112 circum
2180 3060 2414 3117 Aurati

117 3122 349 3198 bissex
403 3123 566 3178 radii
597 3121 901 3193 fulgentia
943 3121 1033 3177 cin
1078 3133 1201 3177 unt.
1287 3122 1455 3177 Ovid.
1502 3140 1572 3176 ex
1622 3126 1683 3176 P.
1710 3125 1815 3181 IV.
1864 3128 1929 3192 9,
1969 3126 2050 3177 17.
2134 3126 2414 3203 Dumque

118 3188 261 3250 latus
309 3192 502 3247 sancti
552 3191 729 3260 cingit
780 3188 885 3244 tibi
927 3201 1028 3244 tur
1065 3208 1104 3244 a
1148 3201 1402 3245 senatus.
1478 3190 1636 3243 Caes.
1673 3193 1737 3244 B.
1776 3193 1840 3244 G.
1878 3195 1929 3258 1,
1966 3195 2050 3247 38.
2120 3194 2405 3265 Flumen,

119 3262 184 3312 rit,
221 3258 438 3314 circino
487 3258 941 3325 circumdatum,
979 3276 1171 3327 paene
1215 3263 1396 3311 totum
1445 3257 1723 3327 oppidum
1755 3257 1953 3331 cingit.
2027 3259 2179 3316 Curt.
2216 3267 2315 3332 111,
2357 3274 2406 3319 1.

122 3314 302 3380 ,Terra
325 3333 542 3407 mag-na
578 3344 660 3379 eoe
682 3329 862 3393 parte
889 3323 1145 3394 cingitur
1157 3324 1443 3397 fluctibus
1464 3335 1591 3378 cett.
1658 3325 1931 3380 Additum
1953 3336 2137 3381 antem
2165 3330 2406 3386 verbum

119 3392 297 3459 videre
322 3394 468 3447 nitu}
501 3394 593 3446 hic
616 3401 846 3457 mutare,
871 3393 969 3445 vix
995 3402 1078 3446 est
1103 3393 1254 3463 quod
1282 3409 1609 3445 memorem.
1676 3396 1790 3459 lam
1817 3411 1953 3449 vero
1981 3396 2028 3451 si
2058 3398 2183 3451 Wr.
2213 3416 2406 3455 veram

119 3458 262 3515 urbis
305 3461 724 3527 obsessionem,
784 3460 856 3513 de
911 3478 1021 3530 qua
1073 3460 1294 3527 poetam
1344 3459 1615 3531 cogitasse
1661 3460 1758 3514 vix
1811 3472 1989 3531 potest
2034 3464 2310 3534 dubitari,
2372 3486 2407 3521 a

119 3528 452 3597 temporibus
486 3528 725 3582 heroicis
761 3527 834 3581 ait
871 3525 1202 3594 abhorrere,
1241 3528 1349 3581 hoc
1381 3530 1536 3581 salva
1551 3528 1833 3582 sententia
1861 3548 1985 3583 mea
2014 3532 2153 3586 Viro
2181 3534 2405 3589 doctiss.

118 3593 264 3649 facile
296 3595 487 3665 largiri
512 3613 775 3665 possum.
844 3595 990 3665 Quid
1029 3595 1220 3647 enirn?
1268 3598 1468 3649 Nonne
1502 3597 1635 3648 Wr.
1662 3596 1781 3665 ipse
1812 3599 1917 3667 Qu.
1945 3597 2103 3669 Virg.
2132 3605 2404 3655 XXXIX.

120 3664 485 3730 septendecim
503 3662 720 3734 Virgilii
748 3665 901 3717 locos
933 3662 1156 3731 profert,
1183 3661 1281 3716 ubi
1314 3663 1475 3731 poeta
1501 3662 1741 3720 heroicis
1766 3664 2112 3734 temporibus
2127 3664 2404 3737 tribuerit,

120 3746 249 3783 uuae
284 3730 607 3786 posterioris
645 3730 836 3785 aetatis
870 3730 1117 3783 suerint?
1168 3732 1618 3799 noniie„Quaest.
1652 3734 1773 3783 XL.
1815 3734 2003 3801 plures
2042 3733 2209 3787 etiam
2242 3752 2405 3788 com-

473 3818 572 3853 uos
599 3798 739 3851 adeo
767 3797 1159 3852 dormitantem
1185 3796 1474 3869 scripsisse
1499 3796 1711 3852 bonum
1737 3801 2023 3853 Maronem
2052 3800 2405 3870 suspicatur?

433 3818 469 3919 ii
502 3865 762 3935 impedit,
813 3863 1115 3938 quominus
1163 3865 1326 3919 etiam
1373 3865 1469 3920 hic
1510 3865 1804 3936 Virgilium
1838 3884 1973 3921 suae
2010 3867 2196 3939 potius
2231 3887 2402 3941 quam

433 3972 434 3979 η
479 3932 670 3987 aetatis
719 3934 993 3987 rationem
1040 3932 1305 3988 habuisse
1352 3943 1406 3987 et
1455 3932 1704 4002 libertati
1735 3933 1982 4003 poeticae
2016 3935 2194 4006 magis
2228 3955 2399 4007 quam

433 4002 549 4066 idei
601 3999 927 4055 obsecutum
981 4000 1103 4056 esse
1153 4005 1400 4056 censeas.
1443 4039 1445 4045 ,
1485 4003 1640 4070 Quae
1688 4018 1861 4073 quum
1912 4002 1989 4054 ita
2040 4002 2185 4069 siut,
2236 4004 2398 4084 quis,

433 4088 456 4122 e
480 4070 600 4127 ,hoc
633 4067 1016 4136 hemistichio,
1067 4066 1136 4121 ab
1175 4067 1471 4127 omnibus.
1506 4065 1779 4141 quotquot
1822 4069 2006 4123 collati
2042 4080 2203 4135 sunt,
2241 4071 2401 4128 libris

433 4136 640 4202 bibito,
677 4152 801 4189 cum
822 4139 1107 4206 Wagnero
1141 4134 1463 4189 dubitabit?
1498 4166 1565 4176 --
1636 4140 1719 4189 53.
1750 4132 2066 4203 Fortuna
2089 4139 2396 4195 recessit.

433 4227 442 4259 ι
467 4204 584 4259 sere
607 4203 936 4258 sententiam
964 4206 1048 4269 V,
1075 4205 1192 4259 604.
1205 4206 1469 4273 fortuna
1496 4202 1699 4257 dicitur
1722 4214 1943 4257 mutata
1956 4204 2139 4271 fidem
2160 4213 2397 4263 novare.

433 4292 465 4337 s
495 4271 1035 4342 Agamemnoni
1046 4290 1126 4326 as
1137 4310 1161 4340 ,
1197 4289 1451 4337 causam,
1481 4281 1661 4342 partes
1692 4271 2129 4341 Agamemnonis
2154 4274 2402 4329 victoris.

433 4360 443 4396 ς
492 4350 640 4395 recte
686 4356 784 4393 res
815 4338 1037 4410 Agam.
1084 4356 1186 4411 per
1229 4355 1365 4421 opes
1410 4337 1851 4411 Agamemnonis
1896 4338 2297 4409 interpretatur.
2332 4370 2401 4384 -·

58 4438 61 4477 3
127 4433 200 4481 qq.
230 4433 379 4480 aas
425 4426 628 4466 omne
673 4405 1054 4479 abrumpit
1101 4410 1325 4479 Heymo
1380 4409 1570 4479 paullo
1616 4406 1884 4462 audacius
1934 4408 2146 4468 dictum
2175 4410 2401 4466 videtur

567 4482 591 4518 ²
1268 4525 1275 4531 .
1582 4528 1594 4548 ,
1850 4479 1895 4541 S
1916 4479 1960 4541 2
