2870 4981
374 274 465 387 23
660 310 665 325 ’
974 294 993 325 ““
1102 309 1172 377 r.
1215 306 1553 377 vmcmi
1594 307 1964 377 MARONJS

371 502 448 571 Vi
491 521 761 587 superum
778 548 797 587 ,
841 519 1057 566 saevae
1094 516 1409 565 memorem
1454 448 1695 562 Iunonis
1739 496 1812 562 ab
1854 498 2043 579 imm3

374 784 436 831 et
473 781 682 829 tentata
725 769 929 827 frustra
964 768 1138 827 variis
1177 769 1239 825 in
1275 769 1417 827 locis
1453 786 1612 841 -nova
1658 769 1795 829 sade
1812 808 1827 837 ‚
1879 770 2242 824 toleraverat-l
2289 770 2479 824 ’Πολλὰ
2524 768 2565 824 δ’
2594 767 2676 844 ἔγ*

377 845 429 899 ἐν
462 844 622 908 πόντῳ
654 839 813 893 πάθεν
846 835 1008 910 ἄλγεα
1042 832 1097 893 ἓν
1133 842 1262 892 κατὰ
1286 841 1474 906 θυμόν,
1516 840 1719 919 Odyss.
1747 843 1787 907 I,
1816 837 1913 893 4.“
1941 837 2028 892 Η.
2067 867 2134 880 —-
2169 839 2295 893 Noli
2325 838 2474 892 enim
2508 839 2694 894 inter-s

372 910 618 983 pratari:
669 907 768 982 qui
803 907 1032 962 iactatus
1068 917 1194 963 est.
1265 911 1444 971 Immo
1479 907 1785 978 participiis
1833 917 1892 960 et·
1920 906 2228 977 adiectivis,
2248 908 2317 959 ad
2354 908 2676 962 antecedens

372 978 608 1053 aliquod
659 975 1072 1035 substantivum
1122 975 1310 1029 relatis
1357 992 1784 1046 nonnumquam
1834 990 2149 1043 pronomen
2194 973 2331 1044 ille,
2385 976 2692 1030 meraca-1

372 1045 498 1118 ἔαγε,
537 1063 652 1118 quo
689 1043 882 1115 lJortior
916 1053 972 1098 et
1005 1042 1251 1097 vividior
1281 1043 1545 1096 reddatur
1570 1043 1775 1110 oratio,
1812 1041 2154 1111 pleonastice
2188 1042 2420 1114 adiungi
2453 1052 2692 1097 constat„

373 1119 422 1171 E
462 1113 702 1183 Virgilio
736 1112 848 1165 huc
880 1111 1161 1178 pertinent
1197 1111 1306 1165 loci
1341 1111 1485 1164 Aen.
1517 1112 1603 1177 V,
1638 1112 1760 1164 456.
1812 1114 1920 1177 IX,
1957 1111 2077 1163 477.
2114 1128 2240 1183 sqq.
2277 1115 2397 1166 796.
2438 1115 2526 1176 Χ,
2561 1113 2696 1165 385.t

372 1186 508 1248 XII,
547 1186 631 1248 5.,
716 1197 818 1234 uos
854 1181 1060 1251 Wagn.
1097 1181 1202 1247 Qu.
1257 1179 1408 1232 viro.
1441 1182 1609 1243 XXI,
1649 1182 1701 1232 8.
1740 1179 1966 1247 profert.
2039 1177 2124 1230 Cf.
2172 1177 2404 1231 Ruhnk.
2446 1179 2514 1231 ad
2550 1182 2673 1232 Ter.

372 1249 624 1319 Adelph.
659 1251 703 1300 11
744 1286 760 1313 ,
797 1252 862 1314 2,
898 1250 949 1301 8.
990 1249 1169 1300 Bentl.
1219 1255 1275 1299 et
1321 1221 1619 1300 ffeindors.
1676 1248 1745 1299 ad
1793 1250 1930 1299 Hor.
1968 1246 2081 1297 Sat.
2109 1250 2188 1312 11,
2224 1249 2291 1313 6,
2325 1250 2412 1302 83.
2453 1245 2567 1299 Iani
2610 1247 2675 1299 ad

373 1322 516 1374 Hor.
551 1315 660 1370 Od.
686 1319 727 1381 1,
758 1318 810 1381 9,
842 1317 924 1368 15.
956 1315 1070 1368 alii.
1140 1314 1422 1386 Cognatas
1453 1324 1537 1368 est
1562 1315 1938 1384 pleonasticus
1970 1314 2066 1366 ille
2090 1331 2228 1368 usus
2268 1315 2517 1369 eiusdem
2590 1330 2679 1367 ro-
2732 1312 2746 1333 '

373 1384 626 1442 nominis
659 1390 787 1435 ante
823 1382 1085 1463 quidem,
1127 1391 1397 1455 sequente
1433 1391 1572 1451 part.
1604 1384 1708 1437 sed
1725 1421 1748 1450 ,
1787 1382 1947 1437 cuius
1975 1382 2147 1434 multa
2183 1380 2442 1452 exempla
2463 1384 2552 1437 col
2579 1380 2680 1453 egit

377 1454 563 1507 Beier.
604 1451 673 1503 ad
716 1449 832 1504 cic.
873 1449 976 1502 Off.
1005 1453 1067 1516 II,
1104 1452 1172 1517 6,
1209 1456 1295 1503 21.
1367 1449 1626 1503 Ceterum
1665 1451 1911 1504 imitatus
1947 1458 2028 1502 est
2063 1448 2222 1504 hunc
2250 1464 2474 1504 versum
2517 1449 2677 1503 Silius

375 1523 532 1586 VIII,
565 1519 713 1573 474.-
784 1517 934 1573 Tum
969 1516 1115 1587 pius
1162 1517 1432 1585 Aeneas,
1484 1517 1663 1571 terris
1706 1516 1962 1573 iactatu-s
2008 1526 2063 1570 et
2115 1517 2314 1572 emdv‘s.
2352 1544 2421 1562 --
2461 1518 2547 1570 -4.
2586 1514 2688 1587 Vir

375 1602 772 1658 superum,
814 1603 989 1658 quum
1030 1585 1315 1638 neminem
1360 1585 1625 1652 deorum,
1663 1595 1881 1655 praeter
1914 1602 2086 1637 unam
2120 1585 2712 1653 Iunonem,‡Aeneae‘

288 1656 295 1667 ⁸
375 1656 668 1712 insensum
706 1652 877 1707 fuisse
928 1662 1176 1720 constet,
1233 1655 1321 1707 Fr.
1360 1654 1502 1705 Gall.
1542 1653 1640 1716 (in
1677 1653 1913 1723 Ephem.
1946 1652 2029 1705 lit.
2067 1655 2185 1706 len.
2220 1672 2270 1706 a.
2310 1656 2462 1708 1828.
2494 1649 2678 1708 Intell-

376 1723 486 1789 ΒΖ.
535 1724 615 1777 15.
652 1739 708 1791 p.
740 1720 898 1787 119.)
949 1719 1080 1775 satis
1127 1720 1270 1775 mire
1306 1722 1378 1774 ita
1415 1720 1834 1790 interpretatur,
1885 1730 1946 1774 ut
1995 1738 2110 1775 non
2145 1721 2422 1791 significet
2458 1722 2682 1775 deorum

377 1791 616 1848 numine
651 1799 704 1842 et
737 1790 1055 1854 voluntate,
1091 1790 1189 1842 sed
1229 1790 1393 1859 plane
1431 1788 1805 1841 contrarium:
1842 1798 2031 1843 contra
2064 1790 2410 1843 voluntatem
2436 1790 2680 1854 deorum,
2721 1822 2725 1827 -

376 1876 587 1931 magno
622 1873 752 1910 cum
802 1857 997 1916 dolore
1033 1856 1297 1922 deorum,
1347 1856 1827 1940 quemadmodum
1876 1858 2084 1909 Graece
2135 1856 2351 1910 dicatur
2398 1860 2483 1924 βίᾳ
2514 1856 2679 1923 νόμου,

376 1934 467 1996 βίᾳ
513 1930 613 1978 τῶν
657 1926 899 1987 archev-5213
955 1941 1067 1995 qua
1114 1942 1184 1977 ex
1226 1923 1489 1977 licattone
1537 1922 1658 1976 iure
1706 1923 1939 1990 reiecta,
1997 1922 2149 1982 Wr.
2200 1924 2340 1978 haec
2389 1922 2682 1979 verbass’ad

381 2002 557 2049 unam
614 1996 887 2047 Iunonem
955 1990 1172 2045 reseren
1215 2009 1247 2044 a
1308 2008 1432 2045 esse
1487 1991 1712 2058 statuit,
1776 2009 1951 2063 quum
2017 2000 2074 2042 et
2131 1992 2328 2046 Graeci
2395 2003 2449 2047 et
2511 1989 2683 2044 Latini

378 2063 680 2132 scriptores
729 2059 931 2129 plurali
989 2067 1215 2112 utantur
1261 2076 1529 2124 numero,
1571 2057 1680 2111 nbi
1730 2077 1907 2113 unum
1943 2058 2015 2111 ali
2060 2075 2223 2129 uem,
2280 2062 2379 2115 sed
2417 2078 2534 2115 suo
2581 2077 2682 2113 no·-

378 2130 538 2186 miue
582 2146 699 2182 non
737 2124 1057 2193 definitum,
1100 2127 1376 2192 indicent,
1421 2135 1485 2178 ut
1519 2126 1662 2179 Aen.
1677 2131 1790 2195 111,
1829 2128 1950 2182 488.
1983 2075 2090 2191 ἾῙἹ,
2115 2131 2244 2180 322.
2291 2131 2408 2196 Vn,
2445 2128 2680 2184 96-98.

380 2202 503 2254 359.
537 2200 646 2261 XI,
682 2195 837 2260 784.;
890 2194 1056 2261 hinc,
1106 2204 1168 2248 ut
1213 2194 1326 2248 iam
1376 2193 1749 2265 intelligatur,
1799 2195 1930 2268 quis
1981 2193 2055 2248 sit
2092 2194 2191 2253 ille
2238 2194 2479 2251 obscure
2511 2193 2679 2266 signi-

380 2264 578 2320 ficatus
617 2264 788 2328 deus,
842 2262 1086 2316 adiicere
1135 2264 1358 2332 poetam
1406 2262 1598 2324 baem,
1630 2279 1947 2346 saevae-que
1981 2291 2008 2304 -
2044 2290 2071 2304 -
2106 2262 2287 2335 iram.
2321 2276 2324 2279 “
2362 2266 2469 2318 Sed
2520 2278 2685 2335 quum

376 2334 521 2388 mira
557 2330 805 2403 profecto
839 2339 984 2385 esset
1019 2347 1195 2400 epexe
1236 2329 1344 2385 esis
1377 2329 1438 2382 vi
1468 2328 1720 2384 „nvminis
1754 2329 2012 2385 alicuius
2044 2332 2352 2398 (Iunonis)
2367 2372 2389 2401 ,
2443 2331 2513 2387 ob
2545 2330 2687 2385 iram

383 2399 665 2465 Iunonis,
718 2417 905 2481 neque
952 2396 1012 2451 υἱ
1061 2407 1115 2452 et
1141 2346 1236 2459 ςὶοἱ
1279 2397 1433 2451 iram
1470 2397 1541 2452 ita
1579 2396 2129 2468 sibi'respondeant,
2183 2407 2245 2452 ut
2283 2401 2423 2453 illud
2457 2418 2554 2469 per
2588 2398 2687 2450 hoc

379 2467 650 2539 explicari
677 2476 875 2536 possit,
913 2465 1051 2520 mihi
1080 2483 1334 2539 quoque,
1375 2465 1584 2534 pariter
1608 2475 1671 2520 ut
1690 2467 1926 2528 Grasero
1950 2468 1989 2519 l.
2015 2468 2055 2538 1.
2075 2503 2090 2533 ,
2127 2465 2187 2520 υἱ
2208 2484 2483 2538 superum
2503 2465 2700 2522 latiore-

302 2589 313 2600 !
380 2553 554 2592 sensu
600 2534 991 2603 accipiendum
1040 2535 1283 2588 videtur.
1351 2536 1420 2587 Ut
1466 2534 1620 2587 enim
1667 2535 1975 2588 concedam
2031 2544 2254 2603 praeter.
2283 2541 2552 2590 Iunonem
2588 2550 2689 2587 ne-

380 2603 598 2658 minem
635 2620 707 2654 ex
750 2603 985 2656 deorum
1021 2612 1180 2656 coetu
1215 2602 1445 2655 Aeneae
1480 2602 1899 2669 succensuisse,
1947 2612 2144 2656 notum
2182 2612 2268 2656 est
2298 2615 2485 2657 tamen
2522 2604 2700 2673 ipsanv

379 2673 656 2725 Iunonem
691 2669 926 2722 aliorum
960 2668 1291 2736 numinum,
1346 2687 1415 2723 ex
1466 2666 1674 2741 quibus
1709 2670 1952 2724 Aeolum
1996 2678 2051 2723 et
2083 2674 2394 2724 Iuturnam'
2422 2672 2701 2735 nomin0,·

381 2756 545 2793 usam
581 2754 706 2791 esse
742 2737 1079 2805 ministerio,
1117 2756 1231 2807 quo
1266 2738 1515 2791 Aeneam
1551 2737 2067 2811 perderet‚fneque
2100 2748 2316 2793 ceteros
2353 2741 2488 2794 deos
2522 2754 2689 2792 cona-

379 2804 538 2861 tibus
581 2805 703 2858 eius
738 2821 960 2874 semper
1006 2805 1308 2871 restitisset
1357 2821 1530 2878 quare
1580 2805 1743 2859 heros
1795 2806 1890 2859 ille
1939 2805 2224 2875 aptissime
2273 2806 2336 2859 υἱ
2382 2821 2687 2887 superant,

382 2873 637 2944 ipsorum
689 2874 920 2928 deorum
972 2872 1318 2939 interventu,
1367 2892 1485 2926 non
1517 2872 1832 2940 ,hominum
1886 2882 2100 2926 tantum
2151 2873 2657 2928 machinationibus
2672 2893 2698 2937 ,2

384 2942 618 2996 iactatus
665 2940 776 2994 dici
824 2948 1056 3009 poterat.
1141 2944 1295 2993 Ilaec
1342 2940 1497 2994 enim
1543 2938 1717 2993 verba
1763 2941 2073 3007 rationem,
2136 2959 2249 3013 qua
2295 2944 2550 2996 iactatus
2593 2938 2689 3005 sit,

384 3026 449 3064 se
492 3008 679 3062 nentia
719 3007 791 3063 ob
842 3006 997 3061 iram
1029 3008 1277 3062 Iunonis
1316 3025 1541 3063 causam
1589 3008 1997 3075 calamitatum,
2051 3026 2190 3082 quas
2232 3028 2335 3079 per
2374 3027 2534 3064 essus
2596 3006 2691 3073 sit,

384 3075 450 3131 in
495 3078 658 3130 icant.
692 3106 765 3117 —
808 3093 1248 3144 „memorem
1284 3073 1606 3136 Iunonis
1639 3075 1725 3131 ob
1758 3075 1985 3145 iram3
2035 3077 2259 3146 proprie
2342 3077 2548 3131 artonis
2580 3091 2698 3128 me·-

385 3142 604 3211 moris,
650 3143 809 3215 cuius
853 3143 966 3209 ira,
1017 3144 1299 3197 vindictae
1333 3144 1639 3214 cupiditas,
1696 3160 1822 3196 cnm
1863 3154 2121 3215 acceptae
2154 3145 2397 3199 iniuriae
2434 3139 2698 3214 pertinaci

382 3211 657 3266 memoria
708 3221 825 3264 erat
872 3212 1198 3279 coniuncta3
1251 3212 1387 3266 hinc
1434 3212 1555 3281 ipsa
1603 3211 1688 3265 ira
1736 3229 1977 3270 mmor„
2055 3211 2148 3265 Sic
2196 3221 2251 3265 et
2301 3212 2516 3266 Graeci.
2554 3209 2695 3274 hvid.

386 3278 676 3333 Guellium
713 3278 780 3330 ad
817 3278 876 3332 h.
913 3282 950 3330 1.
988 3286 1193 3345 μνάμων
1227 3285 1394 3348 μῆνις,
1432 3279 1699 3347 Aeschyl.
1737 3279 1933 3348 Agam.
1975 3281 2091 3335 161.
2159 3280 2250 3333 Ad
2290 3299 2409 3333 rem
2447 3283 2519 3332 cf.
2559 3279 2697 3331 Aen.

384 3347 473 3412 V,
509 3350 628 3401 781.
667 3364 793 3417 sqq.
813 3346 849 3374 “
884 3345 970 3399 H.
1057 3349 1132 3399 Ita
1179 3348 1342 3401 etiam
1392 3347 1540 3416 apud
1600 3347 1723 3400 Liv.
1759 3350 1874 3414 IX,
1911 3351 1998 3404 29.
2048 3356 2187 3400 extr.
2247 3348 2544 3403 Traditur
2592 3373 2618 3387 -
2668 3357 2696 3386 '-

385 3429 679 3469 censorem
710 3413 883 3480 etiam
913 3412 1212 3484 Appium,
1267 3413 1503 3469 memori
1536 3414 1728 3468 Derim
1757 3414 1893 3484 ira,
1933 3414 2086 3486 poss
2108 3412 2332 3488 aliquot
2379 3431 2563 3470 cennos
2601 3410 2697 3466 Iu-

386 3480 640 3535 mim'bus
672 3490 942 3550 captum,
982 3492 1039 3535 et
1072 3500 1099 3532 a
1147 3485 1219 3535 ud
1256 3483 1355 3536 Sil.
1380 3484 1538 3548 XIII,
1576 3483 1660 3534 71.
1729 3481 1931 3550 Pone,
1986 3481 2351 3537 Anchisiade
2437 3494 2701 3536 metueres

387 3546 630 3623 irasque
661 3558 973 3621 metusque.
1049 3548 1092 3602 C
1120 3588 1133 3601 .
1173 3552 1419 3604 Gronov.
1457 3550 1527 3602 ad
1566 3549 1745 3603 eiusd.
1785 3553 2054 3616 xxxm,
2092 3555 2176 3616 12,
2213 3553 2262 3604 5.
2338 3522 2597 3604 dete-rum
2634 3546 2701 3600 de

388 3613 498 3669 hac
549 3616 780 3687 hypalla
821 3633 852 3667 e
900 3615 1190 3684 adiectivi,
1244 3636 1418 3691 quae,
1472 3627 1654 3670 certae
1691 3617 1803 3686 legi
1841 3618 2131 3682 adstricta,
2182 3618 2292 3672 nisi
2329 3619 2516 3689 ipsum
2550 3615 2704 3668 adie-

387 3682 609 3736 ctivum-
647 3685 716 3737 ad
759 3702 789 3736 a
818 3692 997 3736 terum
1033 3702 1262 3757 quoque
1310 3682 1725 3738 substantivum
1759 3685 2043 3739 transferri
2079 3687 2277 3749 liceat,
2339 3688 2502 3739 nullo
2538 3681 2704 3737 modo

387 3750 852 3822 admittipossit,
907 3750 1070 3804 docte
1107 3753 1350 3821 disputat
1385 3752 1632 3805 Beneck.
1686 3760 1740 3805 et
1776 3753 1844 3805 ad
1882 3754 2075 3807 lustin.
2108 3756 2327 3819 XLIV,
2364 3755 2432 3821 4,
2476 3758 2526 3807 3.
2564 3752 2703 3818 (va-

384 3816 487 3871 ria
519 3821 803 3887 ferarum
851 3817 1036 3881 Iacto)
1088 3831 1142 3873 et
1190 3821 1259 3873 ad
1309 3819 1425 3872 Cic.
1478 3837 1562 3887 pr.
1597 3822 1709 3890 leg.
1746 3822 1896 3872 Man.
1924 3823 1991 3886 9,
2026 3828 2112 3874 22.
2182 3820 2444 3885 (Medea
2491 3819 2563 3872 m
2626 3842 2704 3858 -··

431 3904 564 3939 uam
588 3886 945 3955 praedicam
965 3886 1198 3955 fratris
1232 3887 1328 3942 sui
1361 3886 1615 3941 membra
1650 3917 1676 3928 -
1697 3885 1740 3931 '—
1773 3886 2151 3956 dissipavisse
2165 3927 2187 3957 ‚
2238 3899 2307 3941 ut
2357 3906 2557 3943 eorum
2591 3881 2704 3940 col·-

386 3900 562 4009 qen-11⁶0
602 3953 871 4023 dispersa
909 3983 935 3995 -
974 3984 1002 3996 -
1038 3953 1386 4010 celeritatem
1476 3954 1817 4029 ersequ-endi
1848 3955 2230 4021 retardaret)
2245 3975 2266 4023 ,-
2319 3957 2419 4029 qui
2471 3956 2709 4009 eundem

311 4064 316 4070 .
390 4022 730 4075 Graecorum
769 4040 935 4078 usum
973 4039 1302 4092 comparans
1359 3972 1474 4085 (dze²
1522 4040 1638 4095 quo
1675 4026 1983 4076 Hermann.
2036 4025 2104 4075 ad
2156 4025 2331 4092 Sopli.
2381 4017 2523 4078 Phil.
2566 4019 2707 4075 1106.

388 4086 642 4141 Lobeck.
692 4089 762 4141 ad
804 4092 878 4145 So
922 4089 976 4142 h.
1019 4090 1171 4143 Aiac.
1211 4097 1264 4145 7.
1296 4088 1491 4143 Matth.
1544 4091 1631 4147 ad!
1665 4093 1794 4143 Eur.
1832 4089 2043 4144 Phoen.
2076 4095 2161 4143 30.
2196 4091 2531 4158 Bernhardy
2558 4092 2710 4156 Synt-

388 4173 449 4226 p.
481 4155 604 4208 426.
641 4174 726 4227 sq.
764 4157 1005 4212 con'erri
1050 4156 1239 4222 iubet)
1279 4158 1422 4211 inter
1457 4158 1565 4211 alia
1601 4160 1858 4227 exempla
1892 4158 2084 4221 laudat
2123 4158 2239 4212 Cic.
2278 4159 2490 4223 011211,
2531 4160 2590 4223 5,
2634 4158 2711 4206 18.

390 4222 657 4278 cohibere
689 4235 877 4278 'notus
912 4225 1093 4280 animi
1115 4225 1520 4297 perturbatos.
1562 4225 1744 4280 eiusd.
1779 4227 1846 4278 N.
1880 4228 1952 4277 D.
1984 4229 2060 4293 II,
2100 4230 2187 4283 39.
2222 4230 2308 4283 98.
2378 4226 2564 4280 Addo
2605 4222 2714 4302 huf:

376 4288 645 4361 fontium
696 4290 929 4359 gelidas
969 4292 1384 4364 perennitates.
1469 4292 1704 4347 Phaedr.
1757 4293 1836 4345 IV
1855 4331 1873 4360 ,
1922 4296 1991 4346 23
2008 4332 2023 4359 ,
2072 4300 2125 4348 7.
2190 4292 2489 4349 Lacerari
2536 4297 2716 4358 coepti

390 4356 681 4410 morsibus
713 4358 900 4413 saevis
930 4377 1159 4417 canum.
1232 4366 1365 4415 lust.
1391 4362 1673 4443 xxxly,
1692 4366 1773 4443 ·2‚
1810 4359 1864 4414 4.
1893 4377 2135 4440 ςνᾳυσηι
2168 4360 2361 4416 luctus
2389 4357 2718 4434 meaenom'anf
2745 4391 2778 4420 e

390 4421 779 4498 reliquerunt.
851 4429 929 4483 lta
962 4428 1133 4501 igitur
1163 4446 1380 4487 memor
1403 4428 1651 4487 lunam
1683 4446 1784 4488 tra
1811 4449 1852 4486 1.
1886 4446 1944 4504 q.
1973 4435 2093 4501 na,
2127 4444 2275 4505 quae
2307 4427 2719 4630 {ww

2201 4603 2212 4608 ⁵
2239 4609 2296 4648 ‘X

2311 4641 2366 4670 ,xl
