2870 4981
1285 180 1299 206 fl

384 229 512 363 iss
833 281 839 294 “
903 348 908 355 .
1118 295 1189 362 Ρ.
1237 295 1571 370 vfflfflLu
1613 290 1987 384 MAnoms

387 485 688 563 Consilia,
734 493 797 545 ut
834 483 1043 546 faciem
1084 495 1336 550 mutatus
1384 496 1441 549 et
1488 508 1593 550 ora
1637 487 1864 571 Cupido

383 568 504 633 Pro
548 568 702 631 dulci
744 570 998 633 Ascanio
1042 571 1274 650 veniat,
1322 574 1605 655 donisque
1646 576 1932 636 furentem
2222 634 2241 652 ⁴

320 691 325 706 ι
382 657 658 717 Incendent
697 655 995 734 reginam,
1046 666 1217 737 atque
1262 659 1494 720 ossibus
1540 659 1793 740 implicet
1834 660 2071 739 ignetur,
2154 709 2159 713 .
2312 731 2316 736 .
2577 665 2703 733 660

351 740 613 821 «Θυίμμθ
655 742 886 801 domum
934 740 1097 803 timet
1139 741 1512 823 ambiguam,
1557 744 1886 825 Tyriosque
1930 744 2237 827 bilinguis,

381 960 449 1015 in
483 968 597 1015 toto
630 958 870 1013 Veneris
904 957 1137 1015 artificio
1174 943 1231 1014 et
1266 959 1683 1025 machinatione
1710 941 2014 1032 Virgiliu‘m
2049 976 2175 1020 ante
2209 970 2401 1024 oculos
2439 968 2704 1030 habuisse

383 1028 749 1100 Apollonium
785 1030 890 1095 111,
909 1034 962 1081 7.
993 1046 1126 1149 sqg.
1156 1028 1437 1098 impr.l25.
1471 1048 1556 1101 sq.
1596 1035 1714 1083 112.
1745 1045 1869 1103 sqq.
1940 1034 2169 1100 Venus,
2209 1037 2437 1091 Aeneae
2476 1040 2700 1110 timens,

384 1099 460 1151 ne
496 1094 722 1150 lunonis
754 1095 947 1150 fraude
981 1098 1051 1148 Du
1134 1095 1222 1149 nis
1259 1105 1315 1148 et
1345 1100 1662 1150 Poenorum
1716 1103 1977 1153 voluntas
2011 1102 2072 1155 in
2114 1104 2389 1159 Troianos
2429 1118 2702 1178 mutetur,
2781 1142 2788 1149 ·

384 1163 635 1235 reginam
685 1162 805 1216 eius
859 1180 1049 1217 amore
1098 1162 1437 1228 inflammate,
1495 1166 1694 1219 eodem
1745 1176 1896 1220 metu
1936 1167 2174 1239 impulsa
2213 1190 2345 1225 mox
2378 1174 2440 1227 in
2476 1177 2702 1245 nuptias

382 1230 659 1285 consentit
709 1230 808 1283 ins.
836 1232 947 1297 IV,
994 1235 1111 1284 107.
1148 1232 1330 1303 sqq-‘⁶
1365 1232 1454 1287 H.
1491 1264 1561 1273 —
1627 1236 1747 1290 659.
1783 1236 1903 1287 660.
1950 1275 2000 1304 ,,
2021 1237 2268 1293 Donis
2299 1242 2703 1362 furentem

382 1298 516 1365 vix,
581 1297 689 1351 nisi
739 1300 877 1350 dure
928 1298 1267 1363 admodum,
1316 1300 1501 1365 dicas3
1558 1301 1816 1373 quamvis
1863 1320 1919 1356 V.
1955 1310 2075 1358 713.
2157 1307 2302 1377 Eoep
2328 1310 2417 1362 eri
2463 1322 2704 1367 mentem

380 1364 579 1438 nequit
593 1403 614 1431 ,
669 1364 1035 1438 ardescitque
1078 1368 1315 1421 tuende.
1388 1368 1594 1423 Melius
1642 1379 1709 1423 ut
1754 1370 1924 1425 donis
1969 1372 2240 1428 incendat
2285 1377 2550 1447 reginam
2583 1381 2704 1448 fu-

381 1442 634 1499 rentem,
672 1450 860 1485 amore
896 1433 1046 1498 inter
1075 1433 1215 1486 haec
1250 1435 1368 1503 ipsa
1400 1446 1610 1503 actam,
1647 1446 1773 1504 aut,
1809 1438 1882 1490 ita
1912 1450 1972 1493 ut
2004 1458 2194 1502 amore
2228 1444 2400 1511 sut-at,
2440 1446 2703 1502 insaniat.

383 1499 477 1553 Sic
507 1508 562 1552 et
594 1499 760 1566 alibi,
803 1510 866 1553 ut
897 1501 1000 1566 lV,
1031 1506 1116 1553 22.
1166 1501 1532 1575 animumque
1564 1503 1853 1558 labantem
1884 1506 2148 1577 impulit,
2197 1521 2258 1564 ut
2290 1511 2569 1566 labaret.“
2607 1514 2696 1570 H.

384 1568 550 1634 „Nec
599 1566 768 1621 donis
797 1569 1137 1637 furentem,
1201 1586 1307 1621 nec
1354 1571 1526 1625 donis
1570 1571 1876 1642 incendat,
1929 1585 1990 1640 ut
2038 1579 2478 1648 meretriculam,
2543 1582 2707 1665 iungi

425 1652 549 1688 osse
599 1633 791 1688 scribit
828 1633 1013 1688 Iacob.
1063 1640 1132 1688 ad
1171 1637 1353 1689 Lucil.
1387 1639 1554 1692 Aetu.
1595 1658 1652 1692 v.
1683 1645 1832 1705 112.;
1881 1642 2135 1698 ablativo
2167 1646 2338 1701 donis
2368 1649 2479 1703 hoc
2516 1650 2706 1719 sigm-

380 1650 569 1754 goari:
606 1703 746 1755 dum
779 1704 936 1757 donn
970 1701 1170 1772 affert.
1244 1706 1423 1774 Quam
1450 1707 1724 1762 rationem
1762 1710 1866 1764 etsi
1899 1730 1930 1763 a
1967 1712 2165 1780 poetici
2202 1717 2476 1771 sermonis
2507 1717 2707 1773 indole

380 1768 533 1823 haud
588 1767 891 1823 abhorrere
944 1771 1217 1838 arbitror,
1268 1790 1385 1826 non
1438 1791 1669 1847 egemus
1722 1786 1910 1831 tamen
1958 1778 2045 1832 his
2091 1779 2302 1837 artibus
2353 1784 2413 1836 h.
2458 1787 2500 1838 1.
2572 1789 2726 1841 Non⁴

379 1835 672 1907 ignorabat
723 1837 1023 1909 Virgilius,
1076 1857 1245 1909 quam
1291 1841 1655 1908 vehementer
1702 1845 2000 1908 muliebris
2048 1849 2302 1917 animus,
2343 1851 2511 1905 etiam
2556 1855 2705 1908 alie-

380 1904 649 1958 nissimus
698 1921 730 1957 a
778 1905 1092 1962 meretricio
1139 1925 1295 1970 more
1310 1948 1325 1974 ,
1377 1910 1655 1963 donorum
1706 1916 2009 1982 splendore
2057 1925 2114 1969 et
2156 1919 2488 1986 praestantia
2537 1937 2706 1975 com-

379 1972 599 2025 moveri
644 1974 855 2030 soleat:
905 1999 973 2011 —
1039 1973 1181 2028 infra
1233 1977 1304 2028 de
1356 1978 1553 2030 eadem
1603 1978 1828 2033 Didone
1876 1999 1930 2036 v.
1967 1982 2088 2036 714.
2137 1996 2191 2037 et
2226 1985 2467 2055 pariter
2511 2006 2707 2058 puero

382 2038 664 2113 donisque
701 2050 981 2095 movetur.
1020 2072 1089 2082 --
1152 2042 1370 2111 Quibus
1406 2045 1634 2100 incensa
1674 2049 1878 2102 mulier
1912 2049 2055 2104 nihil
2092 2052 2297 2105 mirum
2333 2064 2416 2109 est
2452 2054 2498 2110 si
2537 2056 2706 2111 facile

375 2106 551 2159 etiam
590 2108 660 2159 ad
701 2125 947 2160 amorem
995 2109 1115 2163 eius
1152 2127 1276 2164 sese
1314 2112 1583 2181 applicet,
1636 2114 1735 2196 qui
1775 2135 1838 2169 ea
1874 2136 2106 2172 munera
2142 2119 2376 2188 obtulit3
2424 2140 2535 2176 nec
2566 2125 2703 2198 μία,

381 2173 446 2227 in
484 2174 774 2241 poemate,
809 2174 1071 2231 homines
1109 2178 1180 2230 de
1216 2187 1334 2231 stoa
1370 2183 1698 2251 quaerendi.
1769 2187 1959 2258 Itaque
1995 2186 2163 2258 iunge
2199 2179 2368 2243 donis
2402 2190 2702 2249 incendat.

376 2241 523 2296 Illud
562 2252 746 2294 autem
768 2244 1072 2313 furentem
1118 2246 1187 2298 ad
1239 2251 1539 2318 utrumque
1588 2251 1946 2308 enunciatum
1990 2254 2099 2309 hoc
2133 2257 2303 2309 modo
2337 2260 2708 2315 referendum

380 2318 499 2363 est:
548 2307 819 2365 incendat
867 2310 1131 2380 reginam
1177 2323 1231 2365 et
1278 2311 1532 2383 implicet
1577 2316 1828 2388 ignem,
1856 2330 1924 2373 ut
1959 2323 2166 2390 furat.
2193 2322 2244 2352 “
2287 2324 2438 2385 Wr.
2517 2328 2705 2398 Etiam

378 2376 663 2431 Schirach.
705 2394 759 2445 p.
785 2376 902 2431 447.
925 2385 1099 2433 *recte
1143 2381 1417 2449 explicat:
1460 2382 1761 2440 incendere
1800 2397 1854 2441 et
1889 2387 2070 2443 furere
2106 2391 2308 2444 facere.
2342 2422 2412 2435 ——-
2449 2396 2703 2476 ³‚ossi-

378 2442 511 2499 bus
555 2443 913 2516 implicet
971 2444 1244 2518 ignem,
1318 2450 1684 2522 exquisitiore
1747 2455 1960 2524 l'orma,
2023 2475 2192 2531 quam
2260 2476 2405 2516 ossa¹
2442 2461 2703 2535 implebe-t

377 2513 402 2566 ἰ
442 2512 536 2579 ni,
586 2513 656 2578 h.
693 2531 745 2567 e.
798 2513 933 2582 ipsis
982 2514 1203 2571 ossibus
1255 2533 1318 2568 ac
1371 2519 1666 2581 medullis.
1717 2533 1778 2576 ut
1825 2525 1900 2577 de
1948 2542 2136 2580 amore
2185 2530 2521 2600 loqui·mos
2573 2543 2700 2600 est,

416 2597 633 2655 ammas
666 2580 899 2647 inserat,
936 2581 1224 2648 immittat,
1263 2584 1527 2641 insinuet.
1548 2588 1584 2615 “
1618 2588 1707 2646 H.
1781 2593 1921 2658 „Ad
1961 2597 2433 2651 constructionem
2471 2599 2706 2656 ossibus

374 2646 679 2717 implicare
725 2646 944 2717 ignem,
998 2652 1139 2704 Aen.
1195 2653 1315 2717 Vll,
1366 2656 1516 2721 355„
1576 2657 1648 2709 cs.
1704 2657 1822 2712 Cic.
1874 2661 1946 2713 de
1995 2661 2126 2715 Div.
2161 2665 2212 2729 Ι,
2263 2667 2349 2718 36.
2419 2663 2536 2720 Dii
2587 2668 2703 2722 vim

373 2732 544 2769 suam
588 2713 834 2769 vacaturis
862 2714 1151 2772 hominum
1196 2717 1531 2790 implicant,
1584 2723 1642 2777 h.
1697 2743 1747 2779 e.
1796 2729 2020 2796 penitus
2066 2729 2390 2786 immittunt.
2477 2736 2702 2790 Eodem

374 2799 544 2836 sensu
596 2782 743 2836 dici:
792 2798 927 2838 ossa
979 2785 1281 2854 implicare
1326 2785 1461 2856 igne
1516 2808 1607 2843 me
1660 2791 1872 2863 sugit.“
1923 2796 2036 2856 W.
2112 2801 2435 2864 „Mutanda
2483 2803 2593 2855 suit
2641 2804 2703 2857 in

375 2848 467 2904 his
505 2849 909 2919 intel-punctim
962 2851 1020 2904 in
1071 2852 1182 2907 fine
1216 2872 1273 2906 v.
1309 2857 1429 2909 660.
1467 2858 1776 2916 semicolon
1827 2880 1927 2930 pro
1963 2875 2201 2934 puncto,
2249 2885 2304 2920 V.
2353 2875 2539 2923 autem
2576 2873 2702 2933 661.

376 2927 648 2988 punctum
701 2935 802 2988 pro
852 2921 1119 2975 semicolo
1171 2921 1352 2991 posui.
1437 2926 1559 2978 Hoc
1603 2929 1752 2983 enim
1804 2930 1941 2985 dicit
1991 2935 2188 3002 poeta:
2256 2937 2413 2990 Nova
2460 2939 2705 2994 consilia

376 2994 561 3039 versat
599 2987 821 3053 Venus,
874 2998 1101 3057 propter
1155 3000 1468 3057 suspectam
1503 2996 1816 3062 «Tyriorum
1861 2999 2050 3053 fidem.
2121 3004 2311 3076 anue
2359 3005 2597 3059 consilia
2636 3018 2703 3062 ut

376 3062 745 3125 exsequatur,
796 3054 1043 3109 stimulat
1076 3058 1309 3113 Iunonis
1359 3059 1608 3130 invidia,
1665 3082 1874 3136 augens
1926 3085 2114 3121 curam
2152 3071 2323 3139 deae,
2376 3072 2487 3127 sub
2529 3084 2702 3129 nocte

315 3147 320 3153 ·
374 3130 772 3174 revertentem.
843 3127 978 3176 Puta
1021 3135 1243 3192 autem,
1296 3127 1459 3180 deam
1513 3129 1651 3184 illud
1703 3134 2000 3188 consilium
2053 3138 2256 3190 diurno
2303 3149 2559 3208 tempore
2599 3160 2704 3195 ce-

375 3187 557 3256 pisse3
610 3189 707 3242 sed
766 3208 941 3260 quum
992 3192 1170 3246 noctis
1223 3202 1278 3247 et
1323 3196 1509 3249 somni
1557 3217 1665 3268 ope
1718 3202 1788 3254 ad
1827 3221 1944 3255 rem
1984 3203 2379 3272 perficiendam
2417 3209 2707 3279 indigeret

378 3254 541 3323 (vid.
573 3257 788 3311 Ντ’..691.
826 3267 880 3311 et
916 3259 1110 3326 726.),
1150 3270 1266 3314 tum
1304 3262 1533 3317 demum
1571 3266 1852 3336 inceptum
1893 3272 2189 3342 peregisse.
2209 3273 2244 3301 ‘⁶
2313 3279 2468 3328 Haec
2513 3278 2702 3347 Wu,

376 3339 547 3394 quem
601 3332 824 3378 secutus
873 3343 1017 3379 sum.
1065 3358 1133 3368 -—
1212 3331 1332 3383 661.
1380 3333 1499 3384 662.
1542 3337 1896 3402 „domum
1941 3336 2357 3409 ambiguam
2401 3355 2544 3423 puto
2595 3357 2705 3414 pro

374 3389 547 3458 stirpe
567 3430 581 3456 ‚
618 3400 782 3461 gente
808 3393 1048 3450 Didonis
1085 3395 1319 3463 dictam,
1364 3409 1418 3452 et
1449 3399 1518 3451 ad
1548 3402 1966 3458 fraudulentum
1991 3407 2366 3476 Pygmalionis
2399 3412 2706 3482 ingenium

375 3457 599 3524 respici.
669 3461 850 3515 Locus
892 3462 1035 3514 Aen.
1061 3465 1156 3530 IV,
1183 3466 1269 3518 96.
1311 3468 1396 3520 97.
1433 3464 1689 3524 aliter'se
1726 3470 1955 3525 habet.“
1989 3473 2075 3528 H.
2152 3476 2259 3528 Est*
2285 3476 2453 3547 igitur
2491 3482 2708 3536 domus

331 3526 332 3529 ’
376 3523 652 3595 ambigua
711 3526 747 3578 i.
798 3546 855 3599 q.
910 3529 1111 3583 domus
1160 3529 1458 3614 ambiguae
1505 3533 1668 3604 fidei,
1722 3539 1830 3604 (cf.
1882 3540 2006 3594 Liv.
2044 3543 2151 3607 VI,
2188 3547 2251 3610 2,
2292 3550 2344 3599 3.
2398 3562 2523 3601 esse
2571 3565 2706 3617 am-

372 3589 552 3662 bigua
592 3594 723 3660 fide
767 3594 831 3648 in
864 3595 1119 3651 amicitia
1150 3596 1442 3668 aliem-us)
1493 3601 1697 3674 fallax,
1750 3607 1841 3681 cui
1891 3608 2033 3663 fides
2076 3608 2272 3665 haberi
2324 3631 2442 3667 non
2535 3623 2707 3671 otest.

372 3660 465 3713 Sic
504 3664 577 3727 11,
616 3665 701 3716 98.
739 3679 1019 3733 spargere
1052 3682 1214 3720 voces
1248 3667 1588 3746 ambiguas,
1630 3674 1667 3727 i.
1705 3692 1755 3727 e.
1796 3676 2177 3745 suspicionum
2216 3683 2411 3747 plenas
2446 3633 2710 3764 ideoque

361 3727 704 3807 ,ambiguum
741 3748 786 3784 s.
839 3733 986 3783 male
1036 3730 1212 3786 fidum
1249 3737 1498 3817 aliquem
1535 3741 1854 3796 reddentes.
1889 3774 1959 3784 —-
1995 3743 2333 3810 „Convenit
2364 3750 2563 3820 populi
2602 3770 2710 3805 in-

370 3796 631 3914 genium,
668 3807 921 3857 notatum
957 3797 1148 3855 verbis
1186 3801 1611 3884 Tyriosque
1643 3807 2066 3891 bilingues,
2106 3812 2165 3867 h.
2197 3831 2248 3867 e.
2279 3815 2573 3895 fallacesf‘
2601 3819 2705 3875 H.

422 3881 496 3915 on
550 3866 803 3918 miranda
856 3875 1041 3919 autem
1092 3868 1230 3922 haec
1281 3870 1604 3930 fallaciaet
1657 3877 1886 3947 perfidia
1934 3883 2133 3949 populi
2187 3887 2292 3937 soh
2346 3896 2712 3942 mercaturae

370 3931 667 3986 studentis.
739 3936 922 4003 Quare
957 3934 1194 3990 Punica
1236 3938 1396 4004 fides
1408 3937 1430 4007 ,'
1481 3941 1718 3999 Punica
1765 3945 1975 4016 religio
2027 3948 2083 4000 in
2130 3951 2497 4018 proverbium
2537 3953 2711 4011 abiit.

373 3993 458 4048 cf.
495 3997 643 4052 Cort.
683 4001 754 4053 ad
791 4004 925 4056 Sall.
961 4004 1077 4074 lug.
1113 4007 1241 4071 108,
1279 4010 1329 4058 3.
1360 4009 1589 4078 Rupert.
1627 4013 1696 4065 ad
1732 4013 1856 4067 Liv.
1888 4018 2053 4082 XXI,
2090 4017 2152 4083 4,
2195 4024 2278 4072 10.
2319 4029 2374 4074 et
2408 4022 2604 4087 XXII,
2646 4025 2711 4093 6,

368 4064 423 4116 8.
458 4063 572 4123 alii.
622 4067 925 4140 Bilinguis
960 4072 1160 4123 eodem
1196 4089 1365 4126 sensu
1402 4077 1455 4127 le
1498 4077 1606 4132 itur
1640 4098 1729 4149 ap.
1764 4083 2123 4145 Plaut.=Pers.
2147 4089 2227 4154 11,
2265 4089 2330 4154 4,
2369 4091 2454 4142 28.
2516 4088 2712 4145 Tam-

402 4136 1201 4260 3‘22‘2'5'222522⁰⁸150'332'²i2·2²233⁸‘52‘5.’
1219 4149 1338 4261 52⁸*
1362 4141 2072 4272 ebiffiffsseissifziimssii
2116 4155 2718 4283 1i'ha5‘53d‘b'2s’miic‘2‘33

363 4274 524 4320 mter
562 4222 1736 4364 Libyas·popusququeepbilingues
1791 4283 1868 4349 (i.
1898 4253 1970 4338 ·e.
2010 4256 2552 4360 Carthaginienses).
2610 4295 2714 4351 id.

364 4332 519 4398 XVI,
551 4334 668 4387 157.
706 4336 951 4393 Βιηιιτιε
990 4338 1275 4413 bilmgues
1314 4344 1423 4399 Ex
1460 4365 1651 4411 ammo
1675 4349 1861 4405 socios
1900 4363 2029 4413 cett.
2096 4358 2291 4411 Plures
2318 4361 2474 4412 locos
2510 4362 2717 4414 colle-

366 4409 575 4472 gerunt
605 4402 897 4459 Drakenb.
933 4407 1008 4462 ad
1034 4409 1135 4464 Sil.
1160 4413 1207 4481 1.ι
1239 4414 1339 4467 ult.
1377 4414 1418 4467 l.
1454 4426 1509 4470 et
1540 4419 1890 4475 Freinsliem.
1933 4420 1996 4476 in
2027 4423 2218 4480 Indice
2242 4418 2511 4483 Curtiano
2538 4427 2619 4481 he
2646 4447 2727 4485 v.
