2870 4981
960 305 1369 396 ammons
1425 311 1581 375 Lm.
1606 312 1662 375 1.
1785 262 1843 289 ’”
1971 308 1979 312 ·
2331 316 2452 384 121

176 1258 549 1322 Dardanidae.
724 1242 737 1254 ⁵
1386 1242 1389 1245 ⁴
2327 1264 2459 1331 560

177 1445 348 1499 Aenea
400 1442 727 1515 superstite,
774 1441 833 1495 iu
868 1440 1077 1494 Italiam
1116 1459 1176 1497 se
1208 1442 1534 1498 traiecturus
1573 1461 1724 1511 esse,
1773 1454 1899 1512 aut,
1945 1463 2013 1502 eo
2049 1447 2343 1519 defunctO,
2396 1453 2458 1507 in

139 1539 150 1559 v
176 1512 404 1565 Siciliam
444 1512 752 1565 habitatum
787 1511 1194 1574 discessuros.)
1267 1512 1410 1564 Sunt
1459 1512 1519 1565 in
1555 1512 1742 1565 Sicilia
1788 1512 1958 1569 urbes
2004 1524 2059 1569 et
2109 1517 2221 1587 agri
2258 1514 2312 1571 e't
2349 1538 2458 1589 po—

173 1580 364 1650 pularis
404 1589 595 1635 noster
632 1580 882 1631 Acestes.
950 1580 1021 1629 Et
1052 1579 1359 1647 explicatur
1406 1579 1516 1633 hoc
1558 1580 1710 1633 idem
1748 1598 1804 1634 v.
1832 1585 1950 1636 557.
2018 1584 2184 1637 Adde
2217 1604 2458 1655 respon-

174 1648 369 1701 sionem
406 1647 590 1701 Didus
636 1663 693 1699 v.
726 1650 843 1700 572.
890 1654 944 1697 et
991 1645 1135 1697 infra
1170 1648 1274 1714 IV,
1316 1652 1433 1700 311.
1457 1646 1495 1675 ‘⁶
1529 1678 1598 1688 -
1656 1652 1994 1716 „Praeclare
2029 1654 2137 1719 H.‚
2189 1665 2460 1723 quantum

176 1731 265 1785 ego
298 1717 499 1779 vide03
550 1715 707 1768 Iahn.
731 1722 931 1766 ‘tamen
970 1711 1082 1764 sibi‘
1114 1732 1229 1771 non
1264 1714 1482 1786 liquere
1516 1716 1623 1782 ait,
1656 1732 1758 1769 cur
1790 1719 2087 1772 lectionem
2123 1738 2290 1773 arma
2325 1721 2473 1791 ραι-ί

174 1798 286 1835 vam
316 1802 449 1838 -esse
482 1786 557 1835 H.
596 1781 867 1834 dixerit.“
912 1780 1059 1841 Wr.
1101 1812 1170 1821 --
1224 1786 1309 1835 De
1338 1783 1616 1837 Aceste
1661 1784 1777 1836 vid.
1827 1802 1993 1853 supra
2035 1787 2105 1839 ad
2143 1804 2199 1840 ν’.
2235 1792 2349 1844 195.
2388 1821 2456 1833 --

174 1853 279 1905 551.
314 1849 817 1919 „Subducere
850 1847 1195 1918 classem,
1236 1848 1380 1922 ἐρέειν
1413 1849 1648 1919 ἤπειρόνδε
1684 1854 1964 1919 Homer03
2000 1857 2171 1924 vulgo
2207 1864 2459 1929 κατάγειν.

173 1946 233 1957 --
262 1924 373 1974 552.
410 1922 475 1971 In
502 1918 659 1971 silvis
687 1915 867 1969 trabes
892 1924 1150 1984 aptare
1183 1916 1456 1985 navibus,
1505 1919 1769 1991 [ideoque
1796 1938 1968 1976 naves
2000 1939 2288 1990 reparare3
2325 1944 2460 1985 nam

174 1990 301 2039 male
334 1986 537 2039 Heius.
587 2003 619 2036 e
656 1984 791 2037 Cod.
828 1982 1096 2036 Montalb.
1149 1995 1389 2054 optare,
1442 1988 1480 2039 i.
1519 2005 1569 2040 e.
1607 1988 1846 2057 eligere,
1896 1991 2183 2057 praetulit,
2236 2004 2458 2050 notatus

174 2065 451 2123 propterea
486 2072 513 2104 a
555 2051 834 2105 Schir‘ach.
872 2068 925 2119 p.
957 2052 1112 2117 Gon]
1154 2062 1208 2105 et
1242 2053 1634 2126 stringere
1667 2058 1844 2121 ferro,
1880 2057 2194 2125 amputare,
2233 2061 2456 2130 dolare,

174 2124 413 2195 adeoque
469 2121 699 2174 omniuo
748 2119 999 2172 incidere
1047 2118 1307 2185 arbores,
1360 2140 1503 2193 quae
1554 2139 1656 2190 pro
1706 2124 1875 2176 remis
1911 2125 2048 2191 sint,
2103 2125 2159 2175 h.
2199 2144 2246 2178 e.
2283 2146 2458 2184 naves

173 2188 458 2243 reficere.“
497 2188 585 2243 H.
626 2214 692 2225 -
761 2190 878 2240 553.
918 2184 1233 2241 Italiam
1266 2191 1621 2256 tendere,
1662 2190 1866 2243 omissa
1901 2207 2157 2261 praepos.
2192 2193 2276 2247 in.
2325 2196 2458 2251 Vid.

174 2274 322 2325 supra
356 2258 427 2309 ad
465 2273 521 2308 v.
550 2262 599 2307 2.
639 2256 854 2308 adnott.
884 2283 951 2293 -
1000 2271 1209 2324 rege,
1263 2255 1424 2308 duce.
1463 2258 1591 2310 Vid.
1628 2273 1792 2325 supra
1831 2274 1884 2309 v.
1924 2258 2042 2311 544.
2082 2289 2152 2300 -
2219 2260 2336 2328 554.
2380 2274 2463 2316 ut

174 2322 477 2378 Italiam
514 2332 616 2375 etc.
658 2324 880 2387 '„Voc.
916 2318 1150 2374 Italiam
1185 2322 1368 2388 (sicut
1405 2326 1509 2391 ΙΠ,
1549 2324 1705 2387 254.)
1739 2324 1990 2391 repetiit,
2040 2335 2099 2378 ut
2139 2344 2298 2393 pron.
2334 2346 2459 2384 eam

174 2392 409 2444 evitaret.
479 2391 612 2443 Vid.
664 2392 808 2442 Aen.
838 2394 925 2455 X,
964 2393 1080 2440 203.
1132 2398 1186 2441 et
1219 2399 1356 2443 not.
1409 2393 1478 2443 ad
1535 2392 1700 2445 Ovid.
1737 2394 1867 2443 Met.
1894 2394 2038 2455 XV,
2075 2394 2194 2447 407.
2265 2397 2461 2452 Haesit

172 2468 341 2512 autem
376 2459 439 2512 in
476 2459 577 2512 hac
613 2458 939 2527 repetitione
971 2457 1279 2510 Weichert.
1313 2458 1353 2510 I.
1390 2475 1440 2512 o.
1475 2477 1533 2530 p.
1555 2460 1683 2516 97.“
1718 2458 1887 2514 Ialm.
1962 2461 2093 2515 Vid.
2135 2464 2250 2516 Ecl.
2279 2465 2341 2530 ΙΙ,
2369 2469 2456 2519 33.

172 2530 249 2582 ⁵6.
284 2531 369 2582 57.
416 2529 503 2580 63.
554 2528 698 2579 Aen.
725 2529 825 2591 111,
876 2525 993 2579 564.
1040 2527 1147 2592 IV,
1184 2530 1301 2578 312.
1344 2533 1424 2579 13.
1473 2533 1558 2594 Χ,
1597 2532 1714 2580 202.
1761 2537 1887 2580 ceu.
1937 2539 1991 2582 et
2035 2529 2106 2583 cs.
2157 2531 2306 2584 idem
2357 2533 2459 2587 Vir

174 2595 309 2648 doct.
338 2595 407 2646 ad
441 2594 606 2648 ovid.
632 2594 798 2646 Trist.
824 2596 923 2659 III,
952 2594 1014 2657 5,
1050 2598 1129 2645 11.
1166 2596 1433 2662 Wagner.
1462 2597 1530 2649 ad
1560 2598 1713 2664 Eleg.
1742 2595 1809 2647 ad
1834 2597 2055 2650 Messal.
2084 2615 2137 2666 p.
2171 2603 2250 2652 13.
2286 2601 2465 2669 Bach.

172 2663 234 2715 ad
282 2663 449 2715 Ovid.
498 2665 627 2714 Met.
673 2665 729 2727 I,
787 2661 900 2713 141.
960 2661 1073 2712 alii.
1154 2665 1439 2716 Praeterea
1497 2664 1591 2717 hic
1638 2664 1826 2715 Italiae
1871 2665 2087 2718 nomini
2139 2666 2333 2720 iterato
2386 2686 2458 2722 ex

172 2730 417 2799 opposito
453 2729 675 2783 Siciliae
729 2728 959 2781 nomine
1008 2728 1345 2800 singularem
1395 2731 1512 2784 vim
1565 2731 1860 2796 accedere,
1910 2729 2055 2784 bene
2099 2744 2292 2788 monet
2325 2737 2450 2789 Wr.

174 2798 310 2851 Male
344 2807 529 2850 autem
564 2800 637 2849 H.
672 2805 890 2861 censet,
940 2795 1078 2848 haec
1113 2796 1349 2851 Italiam
1383 2809 1654 2868 petamus
1702 2799 1948 2867 pendere
1997 2798 2073 2852 ab.
2106 2803 2310 2855 omissa
2347 2821 2457 2856 no·-

173 2865 317 2920 tione
351 2883 663 2938 roga-mus,
702 2863 877 2921 liceat.
904 2863 1067 2916 nobis
1096 2881 1211 2933 per
1242 2874 1335 2931 te,
1390 2875 1452 2918 ut
1486 2876 1626 2932 etc.;
1676 2883 1834 2932 nam,
1871 2867 1917 2919 si
1953 2868 2276 2920 continuare
2316 2872 2481 2930 velis,

172 2943 371 3002 aptare
406 2931 603 2985 trabes
637 2941 739 2984 etc.
775 2945 841 2984 eo
874 2930 1147 2998 consilio,
1184 2942 1251 2984 nt
1284 2931 1521 2988 Italiam
1533 2943 1801 3004 petamus
1816 2972 1838 3001 ,
1878 2934 1936 2986 id
1974 2937 2286 3003 prosaicum
2315 2955 2456 2992 esse.

171 3003 337 3054 Immo
371 2998 677 3054 rectissime
716 2999 828 3069 W.
855 3015 876 3052 .·
910 3001 1184 3070 ·„Iunge:
1241 3010 1362 3068 apt.
1420 3011 1478 3054 et
1507 3012 1615 3057 ,st-r.
1635 3040 1657 3069 ,
1695 3009 1761 3053 ut
1785 3011 2053 3068 petamus
2083 3001 2357 3070 Italiam,
2403 3004 2459 3058 εἰ

170 3066 345 3122 datur
382 3097 448 3108 —-
495 3077 602 3121 aut
639 3065 933 3133 Siciliam,
1010 3065 1064 3119 si
1110 3064 1274 3125 salus
1324 3067 1609 3122 absumta.
1691 3067 1839 3120 Vide
1888 3068 2032 3119 hanc
2077 3069 2458 3124 membrorum

168 3136 465 3204 posituram
503 3135 651 3203 apud
690 3134 805 3186 Cic.
844 3133 1002 3186 Catil.
1031 3137 1081 3201 I,
1118 3140 1183 3200 7,
1224 3136 1305 3187 18.
1378 3134 1762 3212 Quamobrem
1799 3134 2062 3203 discede,
2101 3146 2272 3209 atque
2305 3137 2457 3194 Ιιιιησ

172 3201 303 3258 mihi
330 3201 587 3256 timorem
617 3201 775 3270 eripe
789 3241 808 3269 ‚
842 3199 895 3254 si
920 3211 1002 3254 est
1025 3219 1196 3256 verus
1213 3239 1235 3268 ,
1271 3219 1343 3254 ne
1376 3201 1714 3274 opprimar,
1752 3202 1841 3255 sin
1854 3202 2062 3272 falsus
2073 3243 2094 3272 ,
2134 3213 2202 3258 ut
2225 3207 2457 3260 tandem

172 3268 483 3344 aliquando
533 3268 731 3323 timere
781 3267 1058 3322 desinam.
1130 3272 1255 3321 Non
1305 3287 1500 3322 omnes
1546 3269 1980 3328 constructiones
2032 3273 2314 3340 pedestres
2363 3273 2458 3326 in·-

173 3336 367 3408 dignae
420 3347 476 3390 et
540 3337 838 3408 fugiendae
890 3336 1086 3404 poetis.
1165 3340 1359 3406 Neque
1407 3337 1738 3409 quisquam,
1805 3337 1980 3392 verbo
2040 3356 2314 3408 rogamus
2365 3343 2461 3393 vel

172 3403 333 3457 simili
381 3405 623 3469 omisso,
672 3414 739 3456 ui
774 3421 900 3456 cum
946 3403 1304 3457 coniunctivo
1356 3405 1625 3471 posuit;“
1670 3405 1761 3458 cui
1797 3405 1948 3457 Iahn.
2003 3416 2057 3461 et
2090 3409 2214 3460 W'Vr.
2250 3409 2460 3461 adsen-

171 3471 393 3525 tiuntur.
432 3504 500 3514 --
568 3473 686 3527 555.
725 3474 843 3525 556.
880 3470 1086 3537 „Sin
1121 3470 1460 3524 absumta
1492 3470 1748 3539 salus,
1799 3472 1847 3541 si
1883 3476 2038 3527 nulla
2071 3477 2251 3540 salus,
2301 3476 2458 3527 nulla

174 3535 355 3592 salutis
391 3557 517 3606 spes
553 3550 665 3607 est,
724 3540 813 3593 siu
851 3538 1154 3607 periimus,
1205 3537 1483 3609 siquidem
1523 3540 1567 3592 is
1609 3542 1809 3609 periit,'
1855 3541 1915 3592 iu
1963 3560 2076 3614 quo
2114 3559 2204 3594 res
2238 3551 2458 3594 nostrae

173 3606 376 3672 positae
409 3619 569 3672 sunt,
605 3625 718 3660 uua
754 3623 883 3659 cum
917 3607 1110 3659 Iulo.“
1146 3605 1232 3661 H.
1271 3635 1339 3646 —
1390 3605 1652 3674 habet,
1697 3617 1974 3662 mortuum
2013 3609 2240 3673 retinet,
2289 3608 2361 3659 ita
2399 3617 2460 3662 ut

169 3681 221 3724 te
253 3691 542 3748 nunquam
576 3675 835 3727 remittat.
907 3673 988 3726 Cf.
1021 3675 1117 3739 VI,
1145 3677 1262 3726 362.
1300 3673 1476 3728 Nunc
1510 3693 1596 3728 me
1617 3675 1840 3743 fluctus
1874 3674 2061 3730 habet.
2132 3675 2298 3728 Ovid.
2326 3677 2459 3729 Met.

171 3742 196 3791 Ι
237 3743 352 3794 361.
380 3742 433 3796 si
466 3752 521 3796 te
554 3743 722 3796 modo
798 3751 966 3795 onius
1000 3740 1267 3808 haberet,
1307 3739 1403 3794 ubi
1442 3741 1646 3813 Gierig.
1685 3743 1898 3797 confert
1924 3745 2060 3793 Hor.
2090 3743 2194 3795 Od.
2223 3746 2263 3805 Ι,
2294 3745 2381 3809 28,
2405 3745 2458 3798 9.

169 3780 372 3862 liabent
415 3809 677 3864 Tartara
770 3807 1079 3862 anthoz'den
1125 3807 1265 3875 (ubi
1311 3809 1427 3861 vid.
1471 3811 1812 3875 Mitscherl.)
1864 3819 1916 3862 et
1953 3809 2147 3861 Claud.
2185 3810 2333 3874 VIII,
2373 3812 2459 3866 93.

172 3873 345 3946 quc
376 3874 599 3946 Alpem,
653 3875 804 3930 hunc
827 3885 1048 3945 pontus
1081 3874 1269 3930 habet.
1343 3877 1510 3930 Adde
1543 3879 1710 3933 Ovid.
1749 3881 1882 3930 Met.
1912 3880 1990 3928 XI
2011 3917 2024 3937 ,
2059 3882 2177 3930 701.
2225 3875 2304 3931 Et
2336 3875 2461 3932 sine
2499 3930 2509 3951 ‚

172 3958 253 3996 me
291 3960 381 3997 me
416 3955 637 4013 pontus
669 3942 845 4011 habet,
870 3952 997 3996 cett.
1033 3970 1100 3980 —
1144 3961 1274 3998 nec
1315 3962 1484 4012 spes
1514 3945 1655 3999 iam
1700 3953 1940 3998 restat
1973 3943 2158 4010 Iuli,
2211 3943 2258 3996 si
2297 3962 2455 4013 speS,
2495 3966 2497 3969 ·

171 4026 309 4080 quae
362 4022 525 4065 antea
575 4011 708 4074 suit,
769 4010 1084 4066 abiicienda
1127 4022 1225 4066 est.
1306 4011 1392 4064 Cf.
1440 4013 1645 4083 Wagn.
1699 4014 1805 4080 Qu.
1856 4011 2008 4080 Virg.
2047 4013 2264 4076 XXIV,
2301 4017 2354 4064 2.
2403 4024 2460 4066 et

168 4077 377 4132 adnott.
416 4079 486 4131 ad
522 4081 620 4131 Ge.
647 4081 745 4142 111,
783 4082 900 4132 252.
936 4095 1068 4148 spes
1099 4079 1221 4134 Iuli
1252 4089 1432 4134 autem
1470 4098 1587 4134 non
1623 4089 1838 4148 tantum
1878 4087 2118 4143 „ornate
2150 4096 2251 4148 pro
2286 4081 2406 4134 Iulo
2424 4081 2463 4145 f‘

170 4145 442 4214 positum,
490 4145 645 4218 quod
699 4148 771 4198 H.
820 4151 1043 4213 censet3'
1088 4149 1185 4202 sed
1221 4147 1302 4202 sic
1338 4147 1762 4217 accipiendum:
1814 4148 1992 4211 Iulus,
2045 4145 2106 4198 in
2141 4162 2254 4218 quo
2299 4164 2460 4216 spem

169 4221 408 4266 nostram
502 4212 745 4268 onimus.
814 4214 904 4280 Si,
956 4225 1112 4285 patre
1162 4215 1400 4283 amisso,
1453 4233 1525 4268 ne
1571 4215 1720 4268 filius
1768 4213 1995 4294 quidem
2031 4224 2307 4283 superstes
2343 4224 2460 4283 est,

172 4279 253 4331 cui
302 4279 453 4334 confi
496 4279 1041 4350 ere-possimus.·—-
1107 4284 1226 4339 557.
1266 4286 1415 4335 Tum
1451 4282 1700 4337 Siciliam
1751 4282 2211 4345 liceat'repetere.
2245 4311 2313 4324 —
2345 4280 2458 4343 Si,-

172 4347 429 4416 cania,
482 4349 688 4418 Sicula.
758 4349 887 4401 Vid.
939 4351 1150 4404 adnott.
1201 4350 1271 4403 ad
1307 4353 1423 4419 Ecl.
1453 4355 1546 4417 X,
1582 4352 1633 4402 4.
1671 4379 1740 4390 -
1809 4349 1926 4402 559.
1970 4347 2298 4405 Talibus
2323 4346 2459 4404 Ili-

170 4427 405 4473 cneus
452 4416 573 4487 scit.
626 4416 880 4490 reginam
926 4419 1262 4490 adloquitur.
1339 4417 1583 4474 Talibus
1625 4433 1729 4489 pro
1773 4414 1897 4484 Ιιίε,
1950 4426 2010 4472 ut
2055 4434 2222 4488 supra
2254 4434 2310 4473 v.
2341 4419 2472 4470 208.-
