2870 4981
828 320 1285 431 mammos
1340 318 1500 395 Lm
1527 320 1708 395 m.»
1835 320 1836 325 ‘
2063 326 2066 329 ’
2280 264 2422 399 'ete

119 513 449 598 Linquimus
478 513 779 596 ‘Ortygiae
823 522 1058 596 portua»,
1101 512 1427 597 pelagoque
1469 511 1778 593 volumuS,

120 603 568 681 Bacchatamque
612 602 767 681 iugis
815 600 1028 661 Naxon
1070 599 1429 680 viridemque
1473 598 1813 678 Donusam,
2281 601 2423 669 ,125

122 688 356 751 Olearou
402 685 744 766 niveamque
784 682 985 748 Paron
1028 704 1380 766 sparsasque
1420 704 1528 765 per
1568 703 1785 762 aequor

120 772 395 854 Cycladas
438 779 496 831 ct
538 770 756 832 crebris
796 770 1045 851 legimus
1087 770 1241 831 freta
1284 770 1511 831 concita
1549 768 1746 833 terrie.

115 857 380 919 Nauticus
424 855 684 917 exoritur
719 856 878 918 vario
922 855 1232 917 certamine
1273 855 1526 933 clamor,
2373 848 2414 909 Ω

116 944 420 1005 Hortantnr
461 938 607 1003 socii
626 989 643 1022 ,
691 939 922 1003 Cretam
968 959 1336 1021 proavosque
1381 949 1666 1022 petamuS.
1773 982 1774 985 =

122 1130 230 1181 eam
266 1125 422 1181 adire
469 1142 582 1179 non
615 1103 864 1178 licuisse.
901 1153 971 1166 --
1033 1122 1387 1192 adstare,
1437 1138 1559 1176 non
1589 1120 1633 1178 i.
1670 1138 1734 1195 q.
1782 1120 2023 1194 simplex
2072 1131 2265 1193 stare,
2318 1126 2450 1181 sed'

120 1202 358 1250 nostrum
412 1194 509 1247 da
544 1191 758 1247 sichen.
832 1191 970 1245 Vid.
1023 1191 1238 1246 adnott.
1296 1193 1366 1244 ad
1403 1191 1553 1244 Aen.
1589 1192 1640 1257 1,
1680 1195 1798 1245 152.
1851 1200 1906 1244 et
1958 1192 2036 1247 cf.
2075 1192 2293 1249 namins
2319 1211 2418 1264 ap.

121 1262 228 1317 Cic.
281 1265 456 1329 Tusc.
494 1262 547 1328 1,
587 1265 711 1337 35„
735 1262 826 1315 85.
877 1261 1055 1313 Plaut-
1108 1258 1273 1314 Asin.
1312 1262 1413 1323 111,
1453 1262 1517 1339 3,
1557 1261 1678 1313 120.
1736 1257 1874 1313 cist.
1911 1261 1986 1323 11,
2023 1263 2088 1324 3,
2127 1264 2215 1315 53.
2266 1261 2418 1319 Ptin.

120 1333 187 1386 Η.
228 1332 295 1384 Ν.
332 1329 614 1395 XXXIV,
650 1331 711 1386 ,8.
751 1336 880 1382 cett.
922 1353 992 1365 -
1033 1330 1182 1381 ·124.
1229 1324 1597 1397 Ortygta,
1650 1323 1940 1396 antiquum
1989 1326 2114 1380 Deli
2169 1346 2421 1400 nomen,

116 1397 181 1453 ab
215 1390 244 1452 ὅ
370 1422 417 1464 ι,
454 1397 771 1462 coturnice,
808 1399 1103 1462 ductum,'
1156 1396 1265 1447 nod
1304 1391 1622 1447 reditinsra
1656 1410 1717 1449 v,
1758 1394 1876 1447 143.
1919 1394 2090 1449 Ovid.
2121 1396 2256 1451 Met.
2284 1398 2420 1468 XV,

120 1471 230 1521 337.
309 1466 412 1519 lin.
452 1467 529 1520 H.
570 1465 641 1517 N.
678 1465 788 1529 tv,
832 1468 924 1527 12,
962 1468 1049 1515 22.
1094 1480 1123 1514 a
1153 1460 1262 1526 ibi3
1312 1477 1488 1534 qnare
1524 1461 1689 1515 etiam
1730 1463 1906 1514 Diana
1944 1462 2151 1516 Ovidio
2184 1466 2319 1519 Met.
2362 1468 2420 1534 1,

116 1535 227 1589 694.
284 1530 398 1589 Ort
432 1530 539 1602 gia
572 1532 687 1584 dea
719 1539 971 1584 vocatur.
1042 1532 1119 1583 fl.
1160 1545 1286 1582 cum
1325 1538 1439 1582 toto
1478 1528 1585 1582 hoc
1620 1530 1748 1582 loco
1779 1528 2022 1583 conferri
2056 1529 2217 1584 iubet
2243 1531 2419 1592 ovid.

117 1603 242 1657 Met.
278 1604 382 1654 Xll
421 1640 435 1666 ‚
472 1601 598 1655 679.
635 1615 766 1671 sqq.
788 1636 806 1665 ,
847 1595 945 1668 qui
982 1598 1269 1650 Maronem
1303 1614 1332 1648 a
1378 1605 1494 1649 erte
1533 1605 1756 1649 secutus
1792 1606 1894 1651 est.
1929 1622 1996 1636 -
2067 1601 2189 1654 125.
2227 1600 2420 1656 Bac·

114 1756 216 1812 qua
251 1737 324 1801 de
351 1751 519 1788 causa
551 1733 803 1786 Bacchus
837 1731 897 1785 in
920 1742 991 1784 'ea
1025 1742 1188 1785 natus
1229 1729 1522 1813 dicet-»atur
1552 1741 1608 1785 et
1639 1730 2060 1807 religiosissime
2102 1733 2423 1805 colebatnrg

112 1806 266 1886 unde
295 1800 595 1911 Bacchica
627 1799 845 1855 Naxos
877 1801 1024 1869 apud
1062 1799 1447 1922 StatilA‘ctlsstssl.
1479 1802 1556 1920 1111,
1582 1800 2059 1923 ⁴tiioli=⁴i>=ii⁸2⁸gt⁰
2090 1801 2425 1925 &effingi

106 1868 874 2004 {‡{?,¹1¹‚¹⁸{})5f⁷'22„23}¹1{22’
895 1867 1004 1989 122
1025 1869 1415 2003 gadium&
1442 1941 1498 1987 et
1534 1904 1663 1990 isal.
1698 1938 1740 1989 F
1743 1936 1784 1990 l.
1818 1884 1919 2004 Hip,
1950 1942 2038 1993 20.
2111 1908 2422 2012 Dindyma

102 2005 444 2080 sanguineis
461 1998 762 2075 famulum
790 2001 1068 2057 bacchata
1096 1998 1352 2058 lacertis.
1379 2032 1450 2049 --
1482 2003 1795 2057 Donusa
1830 2021 1879 2058 s.
1911 2004 2199 2077 Dmysa,
2234 2009 2422 2074 (nnnc
2452 2030 2457 2043 ·

103 2077 428 2139 Donusa-a)
483 2088 594 2125 nna
642 2088 712 2122 ex
747 2069 1131 2138 Sporadibns,
1162 2078 1209 2123 ‘a
1244 2071 1479 2123 Pathmo
1526 2069 1874 2124 occidentem
1922 2089 2118 2128 versus
2154 2075 2259 2128 sita
2295 2074 2445 2154 (σίζ’
2488 2084 2494 2095 ‘

103 2144 246 2199 Ciris
285 2160 345 2196 v.
382 2142 508 2194 476.
559 2139 708 2192 Ptin.
745 2138 851 2204 IV,
888 2143 984 2204 12,
1022 2142 1113 2194 23.
1166 2140 1310 2191 Mela
1345 2141 1421 2204 ΙΙ,
1471 2142 1537 2204 7,
1587 2143 1710 2205 11.,
1760 2138 1859 2211 qni
1911 2155 2033 2192 eam
2084 2140 2423 2209 Dionysiam

108 2211 310 2276 vocat)
336 2205 637 2262 'viridis
671 2208 1011 2274 appellatur,
1046 2222 1163 2259 non
1202 2222 1235 2259 a
1270 2208 1458 2259 colore
1494 2205 1817 2273 marmoris,
1856 2206 2007 2278 qnod
2044 2208 2206 2263 Serv.
2287 2220 2420 2280 ntat,

115 2281 205 2335 sed
243 2279 316 2333 ob
349 2276 520 2330 silvas
555 2284 609 2328 et
641 2282 795 2343 prata
816 2313 830 2339 ,
869 2290 1014 2343 quae
1046 2273 1315 2327 continet.
1387 2272 1566 2326 Cerda
1595 2282 1879 2340 comparat
1899 2273 2144 2329 viridem
2182 2275 2241 2331 T
2342 2295 2421 2334 on

113 2345 344 2402 Petronii
380 2360 433 2397 c.
471 2347 589 2411 133.
661 2341 828 2393 Adde
867 2340 1042 2409 ipsius
1078 2341 1300 2410 Virgilii
1333 2340 1577 2394 vim‘dem
1606 2340 1973 2412 Aegyptum,
2006 2345 2118 2407 Ge.
2150 2344 2257 2410 IV,
2289 2349 2415 2403 291.

114 2446 179 2459 --
212 2419 330 2468 126.
366 2408 464 2468 01
475 2425 700 2464 euros
727 2420 780 2463 et
807 2408 926 2476 ipsa
957 2410 1027 2461 ad
1060 2410 1336 2477 Sporades
1369 2408 1640 2478 pertinet,
1673 2411 1814 2462 Paro
1839 2409 2191 2466 occidentem
2219 2429 2421 2470 versus

118 2484 320 2549 vicina,
376 2487 432 2532 et
483 2497 516 2533 a
569 2475 894 2559 cognomini
948 2475 1071 2533 eius
1121 2477 1331 2558 oppido
1381 2474 1598 2531 circiter
1629 2478 1677 2531 L
1728 2478 1906 2532 stadia
1954 2488 2166 2534 remota
2221 2482 2421 2550 (nnnc

120 2547 496 2622 Antiparos).
581 2544 671 2600 Cl.
725 2547 872 2599 Mela
921 2546 964 2599 l.
1003 2549 1044 2600 1.
1081 2548 1239 2601 Plan.
1278 2546 1386 2611 IV,
1437 2552 1532 2612 12,
1568 2551 1657 2601 22.
1712 2547 1882 2602 ovid.
1932 2548 2067 2602 Met.
2109 2549 2239 2615 vn,
2288 2551 2416 2608 469.

123 2623 244 2673 Stat.
273 2616 483 2673 Achitt.
512 2617 578 2682 11,
611 2619 665 2670 3.
702 2643 772 2655 -—
796 2613 1053 2670 Paros
1068 2652 1090 2681 ,
1130 2630 1242 2666 una
1273 2612 1613 2682 Cycladum,
1651 2631 1931 2668 marmore
1957 2632 2060 2669 suo
2087 2617 2416 2686 clarissima,

123 2687 268 2756 (vid.
321 2686 390 2737 ad
429 2685 535 2738 Ge.
572 2685 672 2748 m,
712 2682 851 2745 34.)
897 2684 1048 2755 quod
1100 2681 1159 2734 in
1194 2684 1451 2750 Marpeso
1486 2691 1676 2735 monte
1724 2682 1884 2748 (vid.
1916 2683 2066 2737 Aen.
2105 2685 2206 2751 v1,
2243 2685 2416 2755 471.)

120 2749 501 2819 effodiebatur,
550 2751 715 2804 cuius
762 2759 948 2803 tamen
997 2749 1335 2819 lapicidinae
1367 2758 1686 2823 nunc-sunt
1718 2746 1972 2804 obrutae.
2046 2750 2135 2806 Cf.
2174 2753 2322 2811 Ptin.
2362 2765 2420 2811 et

123 2825 254 2876 Mela
292 2823 353 2877 ll.
391 2821 451 2874 11.
488 2828 545 2872 et
570 2817 911 2872 'rom-nesort
942 2816 1187 2891 Voyage
1224 2819 1307 2870 du
1345 2817 1567 2870 Levant
1601 2821 1643 2871 1.
1686 2834 1743 2887 p.
1776 2821 1898 2873 238.
1929 2835 2017 2890 sq.
2090 2821 2160 2873 Ut
2204 2821 2300 2875 hic
2336 2822 2414 2878 ob

118 2890 437 2956 candidum,
519 2903 649 2939 nem
677 2886 813 2942 inde
898 2884 1085 2938 raebet
1128 2884 1769 2954 praeternavigantibns‚
1804 2885 2131 2956 adspectum
2166 2889 2412 2958 nivea,

110 2957 189 3011 ita
228 2957 427 3011 Ovidio
537 2964 611 3008 et.
667 2953 796 3020 vlt,
897 2955 967 3007 ⁸5.
1021 2970 1348 3007 mamm-ea
1393 2961 1646 3007 vocatur.
1728 2953 1939 3006 Eadem
1983 2970 2056 3006 ue
2117 2954 2191 3010 de
2246 2973 2417 3012 causa

116 3024 386 3098 »Cyclades
418 3023 657 3079 omnino
696 3020 937 3075 nitentes
970 3031 1024 3074 et
1044 3020 1348 3090 fulgentes
1396 3020 1510 3072 dici
1543 3020 1775 3074 Horatio
1809 3021 1919 3075 Od.
1979 3023 2054 3086 11,
2092 3023 2191 3089 28,
2231 3024 2318 3079 14.
2359 3032 2419 3080 et

119 3095 166 3160 1,
199 3095 285 3160 14,
316 3097 399 3148 19.
436 3098 633 3145 censet
660 3091 735 3143 H.
775 3118 844 3130 —-·
912 3094 1034 3143 127.
1072 3086 1660 3158 legimusfreta.
1732 3087 1868 3142 Vid.
1904 3088 2121 3143 adnott.
2160 3090 2230 3144 ad
2261 3092 2413 3149 Aen.

123 3163 190 3227 11,
223 3164 336 3215 208.
387 3168 442 3212 et
481 3160 591 3212 Ge.
628 3160 681 3224 1,
718 3161 842 3212 327.
879 3181 947 3195 -
996 3154 1314 3211 concita.
1388 3158 1589 3208 Moret.
1626 3158 1709 3223 1.,
1747 3157 1921 3210 Palat.
1961 3165 2016 3210 et
2046 3156 2141 3210 alii
2182 3159 2444 3216 sortasse-

121 3227 233 3283 libri
269 3227 520 3295 consita,
567 3242 736 3298 quam
773 3222 1070 3279 lectionem
1105 3225 1484 3294 praetulerunt
1517 3220 1752 3290 Heins.,
1788 3223 2022 3280 Bothius
2044 3264 2058 3288 ‚
2097 3225 2416 3285 Weichert.

122 3295 184 3349 de
224 3314 394 3351 verss.
444 3295 626 3348 iniur.
684 3309 878 3362 suspp.
919 3310 980 3374 p.
1021 3291 1112 3347 65.
1161 3300 1218 3344 et
1249 3289 1438 3345 Iacob.
1477 3289 1577 3344 Dis
1621 3290 1759 3350 uiss.
1802 3291 1995 3362 Virgg.
2032 3296 2095 3349 P.
2132 3296 2177 3350 1.
2223 3311 2282 3365 p.
2318 3300 2414 3365 8.,

124 3371 179 3416 ut
216 3366 390 3419 statim
436 3373 564 3433 post
596 3360 870 3429 Cycladas
916 3360 1357 3431 intelligerentur
1393 3360 1566 3426 Spora
1610 3375 1693 3413 es.
1769 3358 2063 3430 Virgilium
2110 3362 2263 3416 enim
2317 3364 2416 3419 hic

127 3431 251 3485 nihil
276 3431 424 3485 aliud
452 3429 689 3500 agitasse
726 3429 802 3481 ait
825 3427 1014 3485 Iacob.
1034 3467 1050 3494 ‚
1089 3426 1194 3481 nisi
1231 3435 1293 3479 ut
1320 3425 1681 3496 pulcherrimi
1709 3427 1878 3481 ma‘ris
1904 3428 2082 3500 Aegei
2106 3429 2415 3503 imaginem

126 3499 406 3554 lectoribus
435 3502 627 3565 clare,
675 3496 970 3566 perspicue
1016 3505 1071 3549 et
1117 3494 1412 3548 manifesto
1446 3504 1576 3548 ante
1604 3498 1797 3549 oculos
1839 3508 2199 3565 proponeret,
2254 3500 2412 3571 qnod

126 3566 640 3621 commemoratione
663 3565 973 3618 insularum
990 3604 1005 3631 ,
1046 3578 1192 3637 qnae
1216 3563 1327 3616 huc
1348 3562 1487 3615 illuc
1511 3578 1734 3642 sparsae
1757 3563 2126 3635 gratissimam
2153 3577 2415 3621 contem-

160 3634 383 3690 lantibns
417 3633 665 3688 efficiant
701 3631 1031 3704 imaginem}
1066 3631 1295 3701 'optime
1329 3648 1555 3704 assequi
1590 3647 1754 3701 posse
1790 3631 2090 3701 putaverit.
2162 3633 2272 3687 Sed
2309 3633 2418 3689 hac

124 3703 344 3757 ‘ectione
388 3711 613 3771 recepta
672 3699 862 3755 minus
908 3699 1205 3753 commode
1248 3696 1451 3752 subiici
1509 3714 1565 3753 v,
1618 3701 1739 3754 128.
1792 3708 1848 3752 et
1901 3701 2057 3766 129„
2114 3697 2229 3753 iam
2277 3703 2413 3759 Wr-

88 3791 92 3806 ι
126 3782 401 3836 memor-an
446 3787 637 3842 neque
682 3769 990 3822 admodum
1028 3775 1153 3837 apte
1183 3766 1451 3837 coniungi
1485 3782 1817 3839 *sparsas
1853 3783 1971 3836 per
2011 3784 2234 3842 aequor·
2284 3766 2416 3843 Gy-

130 3835 377 3893 cludas
410 3848 464 3894 e't
505 3834 730 3892 crebris
752 3836 928 3905 freta
959 3834 1264 3891 consita
1290 3835 1508 3902 ferris,
1561 3835 1602 3888 i.
1638 3851 1692 3889 e.
1738 3831 2121 3904 Sporadibus,
2170 3835 2417 3910 quisque

129 3905 283 3962 videt.
355 3909 538 3979 Quare
572 3921 704 3957 cum
738 3905 849 3971 H„
894 3902 1128 3971 Iahnio,
1175 3905 1302 3957 Wr.
1353 3912 1409 3955 et
1447 3901 1673 3956 Thielio
1719 3902 1923 3955 retinui
1969 3912 2026 3955 et
2068 3904 2416 3972 optimorum

162 3973 385 4029 lerornm
432 3991 504 4027 ue
541 3971 723 4025 Codd.
777 3981 831 4025 et
865 3970 1363 4024 Grammaticorum
1414 3968 1620 4035 (Nonii
1665 3986 1713 4023 s.
1755 3986 1814 4024 v.
1850 3971 2084 4039 fretum
2130 3978 2186 4024 et
2214 3972 2409 4030 Schol-

164 4047 246 4097 tat.
277 4043 400 4096 The
447 4079 463 4096 .
490 4044 532 4107 1,
564 4040 714 4105 120.)
743 4039 1041 4093 lectionem
1077 4037 1332 4106 concita,
1372 4055 1551 4110 qnae,
1589 4039 1757 4106 longe
1785 4036 2070 4092 difficilior
2095 4046 2150 4091 et
2173 4039 2413 4109 doctior,

132 4109 331 4177 respicit
356 4115 592 4182 angusta
621 4106 761 4159 inter
788 4106 1035 4178 singulas
1068 4106 1193 4161 illas
1219 4106 1431 4160 insulas
1461 4104 1630 4159 maris
1655 4106 1827 4175 Aegei
1861 4105 2034 4175 spatia
2055 4144 2073 4173 ,
2113 4106 2175 4160 in
2201 4105 2415 4179 quibus

133 4169 303 4232 fluctus
334 4178 515 4246 magis
550 4174 860 4230 saevientes
897 4185 952 4229 et
981 4175 1145 4230 altius
1181 4173 1567 4247 assurgentes,
1608 4190 1777 4247 quam
1812 4175 1926 4227 alto
1961 4174 2135 4241 mari,
2171 4175 2413 4230 navioa-

134 4238 315 4299 tionem
358 4248 493 4301 satis
548 4242 921 4317 periculosam·
967 4244 1206 4297 reddere
1253 4252 1336 4297 est
1378 4250 1841 4298 consentaneum.
1910 4240 2099 4300 Iacob.
2144 4242 2267 4312 ipse
2303 4219 2413 4302 fiac

135 4306 194 4359 de
232 4329 286 4364 re
341 4310 585 4368 conferri
648 4307 806 4363 iubet
853 4312 992 4365 Hor.
1046 4311 1157 4365 Od.
1208 4313 1259 4377 1,
1314 4310 1410 4368 14.
1460 4315 1549 4364 20.
1614 4319 1670 4362 et
1715 4311 1844 4364 Val.
1895 4311 1983 4363 ΕΙ.
2037 4313 2116 4380 11,
2163 4314 2289 4368 622.
2340 4341 2410 4356 ·-

136 4378 236 4433 128.
267 4381 486 4437 uario
533 4375 965 4432 ceo-tamine·
995 4376 1297 4433 clamor.
1367 4376 1629 4430 Certatim
1681 4379 1924 4431 clamant
1958 4380 2116 4434 vario
2147 4382 2325 4436 modo
2355 4389 2413 4433 et

134 4457 270 4501 sono.
348 4450 527 4503 Aliter
575 4446 705 4500 H..·
776 4453 1043 4513 „certant
1089 4446 1234 4499 inter
1279 4461 1340 4502 se
1383 4461 1656 4499 manuum
1719 4462 1922 4515 opera,
1989 4449 2206 4517 studio,
2271 4450 2418 4506 dnm

113 1669 394 1726 charam
422 1665 481 1722 Ν
497 1682 722 1720 aaron.
793 1664 1031 1732 Naxos,
1062 1663 1303 1717 maxima
1338 1613 1666 1732 Cycladum,
1692 1662 1892 1717 vitium
1921 1674 2037 1719 erat
2061 1665 2421 1740 feracissima,
2467 1634 2498 1693 ἔ
2552 1625 2573 1649 Ι
