2870 4981
391 321 479 391 98
1117 311 1188 375 P.
1227 253 1564 392 yle-eim
1604 298 1974 367 monle
2080 329 2081 332 κ

327 503 330 508 ’
397 506 882 586 Αωὴνοείειοῳω,
894 519 1093 564 comae
1132 495 1389 559 divinum
1431 492 1653 557 vertice
1696 492 1932 552 odorem

400 596 745 675 Spiravere3
791 590 966 671 pedes
1011 582 1188 647 vestis
1236 580 1476 650 defluxit
1518 580 1591 639 ad
1634 580 1818 651 imos,
2234 621 2239 626 ,

399 680 483 743 Et
524 678 666 741 ve‘ra
707 675 936 753 incessu
976 668 1161 751 patuit
1204 668 1331 730 dea.
1416 663 1525 726 Ille
1567 662 1664 723 ubi
1708 669 1983 722 matrem‘
2584 652 2708 720 405

342 819 347 832 ‚
389 761 694 845 Agnovit,
744 758 844 819 tali
888 754 1347 834 fugientemest
1384 769 1526 813 voce
1553 754 1854 843 seentnstc

405 848 561 927 Quid
605 852 804 906 natum
849 840 1017 920 toties
1057 835 1306 900 crudelis
1353 835 1411 897 tn
1457 852 1681 913 quoqne
1719 829 1890 916 falsis

402 933 589 996 Ludis
630 925 1031 1008 imaginibus?
1119 921 1241 984 Cur
1283 923 1521 982 dextrae
1570 916 1814 996 iungere
1860 916 2125 980 dextram

404 1019 538 1081 Nou
582 1018 779 1091 datur,
825 1032 894 1072 ae
936 1028 1106 1072 veras
1152 1006 1354 1067 audire
1399 1014 1458 1066 et
1498 1004 1734 1064 reddere
1776 997 1999 1060 voces?

406 1103 659 1165 Talibus
700 1098 929 1159 incusat
972 1109 1355 1174 gressumque
1397 1091 1469 1150 ad
1516 1085 1746 1150 moenia
1783 1083 1983 1147 tendit.
2591 1075 2714 1144 410

406 1188 485 1251 At
526 1185 719 1249 Venus
764 1184 1010 1244 obscuro
1054 1175 1374 1257 gradientis
1419 1181 1557 1235 aere
1599 1169 1850 1251 saepsit,

407 1273 492 1334 Et
533 1268 711 1330 multo
755 1263 996 1328 nebulae
1043 1264 1257 1324 circum
1304 1261 1412 1326 dea
1453 1258 1603 1320 fudit
1647 1255 1892 1331 amictu,

414 1357 670 1418 Cernere
715 1372 788 1412 ne
832 1349 961 1431 quis
1005 1368 1138 1424 eos,
1185 1366 1299 1406 neu
1343 1344 1473 1426 quis
1514 1340 1848 1420 contingere
1893 1345 2129 1417 posset,

412 1438 691 1503 Molirive
733 1456 988 1509 moram,
1034 1442 1133 1492 ant
1173 1429 1441 1491 veniendi
1481 1446 1722 1507 poscere
1765 1444 1995 1492 causasi.

411 1526 555 1605 Ipsa
578 1523 852 1603 ‘Paphum
899 1516 1163 1581 sublimis
1208 1515 1331 1576 abit
1371 1516 1651 1591 sedesque
1698 1508 1900 1572 revisit
2384 1511 2389 1514 ⁴
2602 1500 2724 1570 415

419 1720 739 1784 desideras,
807 1726 902 1770 ant
962 1726 1095 1787 puta
1143 1732 1373 1771 roseum
1416 1729 1543 1769 esse
1589 1707 1826 1766 omnino
1883 1725 2059 1772 suave
2102 1708 2198 1761 vel
2243 1705 2577 1777 pulchrum,
2640 1719 2729 1764 ant

419 1793 667 1847 colorem
694 1785 956 1842 floridum
988 1783 1226 1854 exprimi
1256 1783 1317 1837 in
1343 1792 1533 1836 tenera
1562 1789 1689 1834 cute
1718 1778 1883 1832 etiam
1906 1775 2302 1831 candidissima
2330 1778 2729 1844 perlucentem.

423 1857 556 1922 (Ad
612 1869 840 1909 roseam
890 1851 1164 1908 cervicem
1211 1850 1283 1904 cs.
1333 1851 1480 1903 Aen.
1523 1851 1605 1923 ¹¹2
1638 1850 1757 1902 593.
1812 1862 2043 1900 roseum
2089 1860 2178 1922 os·
2205 1841 2275 1898 V
2267 1842 2478 1923 enen-fs.
2562 1845 2729 1915 Apud

422 1913 733 1980 Homerum
773 1937 1000 1994 qnoque
1031 1920 1072 1972 h
1114 1937 1229 1972 mn.
1264 1918 1327 1973 in
1363 1918 1566 1969 Vener.
1609 1918 1724 1969 182.
1772 1916 1930 1980 δαίρην
1979 1914 2211 1970 Veneris
2264 1911 2576 1965 admiratur
2609 1913 2731 1967 An-

423 1993 632 2047 chises·
688 1986 847 2054 W.)
918 1987 1047 2041 Am
1109 1985 1363 2041 resins
1411 1999 1693 2050 comas,
1747 1980 2026 2035 ambrosia
2061 2009 2130 2020 -—
2181 1979 2414 2053 deorum
2463 1979 2576 2035 hoc
2623 2000 2732 2037 un·-

427 2062 714 2131 guentum‘
750 2065 833 2112 est
866 2084 932 2096 -
971 2052 1280 2119 delibutas,
1337 2050 1407 2106 ab
1465 2053 1713 2104 Homero
1762 2047 1961 2114 habet,
2010 2049 2072 2100 11.
2107 2049 2165 2113 1,
2204 2046 2380 2100 529ss
2433 2045 2523 2101 H.
2606 2049 2727 2105 Vid.

420 2128 598 2180 etiam
635 2124 702 2176 ad
742 2124 840 2175 Ge.
868 2123 976 2187 IV,
1012 2123 1132 2175 415.
1161 2153 1229 2163 --
1265 2117 1622 2189 „vertice
1661 2118 1729 2171 ad
1770 2134 1958 2170 comas
1995 2115 2332 2195 trahendum
2369 2131 2471 2194 pro
2507 2115 2572 2169 in
2608 2134 2735 2171 ver-

428 2196 570 2258 tice,
609 2201 667 2245 ut
698 2208 753 2242 v.
782 2194 899 2244 110.
937 2192 1179 2244 dorsum
1210 2188 1454 2242 immane
1485 2184 1640 2239 mari
1673 2201 1911 2239 summ.
1982 2185 2154 2237 Silius
2182 2184 2281 2236 xl.
2317 2179 2388 2235 ab
2425 2200 2509 2236 111.
2543 2184 2737 2241 clades

429 2258 677 2331 insignis
707 2259 928 2328 Iapyge
960 2269 1214 2326 campos
1258 2256 1343 2310 cf.
1393 2256 1495 2309 ins.
1531 2257 1584 2320 1,
1621 2254 1741 2306 610.
1810 2250 2023 2332 Ingens
2055 2260 2358 2319 argentum
2387 2251 2637 2321 mensis,
2690 2263 2740 2308 et

370 2347 375 2358 ’
431 2331 580 2385 Aen.
603 2329 734 2393 Vll,
785 2330 905 2380 269.
939 2342 1055 2379 non
1079 2322 1345 2393 plurima
1393 2320 1551 2378 coelo
1595 2330 1855 2377 ’uon-stra
1900 2329 2118 2374 sanum.
2138 2316 2189 2347 “
2229 2317 2346 2378 W.
2387 2344 2454 2357 —
2518 2320 2739 2377 Rectius

434 2413 566 2451 cum
625 2392 804 2458 vet-,bo
863 2392 1164 2463 spiravere
1208 2392 1536 2461 coniungas.
1623 2389 1756 2442 Vid.
1805 2390 2013 2458 Wagn.
2062 2387 2206 2439 infra
2252 2386 2323 2438 ad
2379 2388 2484 2452 lv,
2539 2390 2631 2443 26.
2675 2417 2742 2432 .-

403 2463 822 2535 *404.pedes
870 2458 1102 2516 vestis
1146 2457 1506 2531 defluxit
1551 2457 1644 2515 ad
1689 2456 1893 2513 imos.
1966 2454 2220 2525 „Palla
2261 2447 2495 2510 Veneris
2522 2459 2640 2511 *vel
2675 2474 2741 2512 ex

436 2533 540 2586 illo
584 2539 714 2584 nota
753 2530 909 2583 Iliad.
941 2529 1028 2595 V,
1074 2531 1194 2582 315.
1240 2533 1441 2581 πέπλοιο
1488 2529 1691 2589 φαεινοῦ
1738 2523 1984 2593 πτύγματ
2047 2533 2104 2577 et
2152 2524 2270 2578 338.
2319 2521 2630 2596 Ἀμβροσὶου
2668 2528 2743 2579 διὰ

440 2605 652 2664 πέπλου,
701 2594 760 2650 ἕν
812 2594 855 2650 οῗ
888 2595 1099 2667 Χάριτες
1145 2595 1303 2659 κάμον
1357 2595 1520 2647 aurai.
1604 2592 1904 2661 [Ceterum
1952 2592 2025 2646 cs.
2071 2609 2238 2661 supra
2285 2606 2342 2645 V.
2379 2597 2500 2646 320.
2547 2593 2743 2666 ibique

444 2664 692 2744 adnott.]
764 2662 1036 2716 Habitum
1087 2664 1273 2735 itaque
1325 2663 1463 2715 deae
1520 2661 1780 2715 declarat.
1817 2690 1887 2702 -
1929 2658 2297 2715 incessum
2343 2669 2527 2714 autem
2566 2662 2744 2733 cogita

280 2728 304 2736 “
342 2791 348 2797 ,
441 2738 629 2789 levem
666 2733 825 2785 lllum
870 2738 924 2783 et
958 2731 1165 2783 volatui
1202 2730 1443 2787 similem
1465 2769 1478 2795 ‚
1513 2727 1900 2783 columbarum
1932 2727 2277 2783 instar.“*H.
2349 2729 2506 2781 Iahn.
2533 2729 2644 2784 hac
2678 2730 2745 2783 de

442 2796 773 2857 re‘conferri
807 2796 965 2851 iubet
990 2798 1169 2851 vossii
1198 2798 1371 2866 Epist.
1402 2797 1640 2864 mythol.
1671 2799 1740 2848 T.
1762 2800 1803 2849 I.
1830 2813 1887 2875 p.
1926 2799 2043 2850 138.
2071 2826 2141 2837 -
2176 2797 2262 2848 De
2281 2795 2437 2848 hiatu
2466 2797 2530 2849 in
2555 2814 2749 2852 sensus

443 2885 619 2941 pansa
646 2876 700 2919 et
732 2875 858 2918 ante
893 2864 1205 2937 graviorem
1242 2864 1655 2919 distinctionem
1693 2865 1938 2918 admisso
1971 2864 2043 2917 cf.
2077 2863 2289 2917 adnott.
2321 2865 2390 2917 ad
2423 2862 2539 2917 Ecl.
2570 2867 2635 2932 11,
2667 2868 2747 2919 5³.

444 2967 515 2979 --
548 2935 669 2988 407.
703 2932 954 2987 toties.
1025 2934 1210 2985 Unum
1258 2942 1407 2986 certe
1453 2931 1701 2986 similem
1743 2931 1980 2986 Veneris
2027 2948 2154 2985 cum
2205 2931 2395 2984 Aenea
2441 2929 2559 2986 filio
2610 2950 2748 2987 con·-

446 2998 699 3075 gresstim
736 3001 879 3055 insta
912 3009 1097 3053 narrat
1128 3002 1289 3070 poe‘ta
1324 3004 1401 3066 11,
1440 3002 1558 3053 589.
1595 3031 1664 3040 --
1729 3000 1850 3053 408.
1889 2999 2009 3056 409.
2046 2998 2186 3066 „CR
2218 2997 2392 3052 verba
2424 2999 2641 3067 Ulyssis
2674 3001 2749 3054 ad

441 3081 682 3127 matrem
707 3068 853 3131 inter
877 3066 1104 3141 umbras
1130 3078 1446 3124 versantem
1481 3068 1680 3136 Odyss.
1704 3070 1802 3134 XI,
1831 3070 1949 3123 209.
1977 3067 2146 3139 sqq.“
2172 3066 2261 3121 H.
2289 3097 2357 3108 -
2401 3067 2523 3120 410.
2548 3078 2630 3134 „t
2643 3066 2751 3122 ὁκ-

396 3139 406 3155 “
450 3141 628 3193 dere
653 3152 997 3208 gressum
1021 3167 1087 3176 -
1116 3136 1219 3189 iter
1251 3138 1367 3199 Vn,
1396 3143 1479 3202 7.3
1516 3152 1725 3190 cursus
1753 3153 1824 3190 ae
1861 3152 2070 3190 uoreos
2103 3135 2228 3186 Val.
2261 3136 2345 3187 Fl.
2368 3137 2409 3201 1,
2437 3135 2605 3188 483.“
2636 3134 2748 3195 W.

407 3206 545 3260 'Sic
590 3204 701 3258 iter
746 3206 980 3259 tendere
1028 3204 1174 3257 infra
1218 3208 1274 3257 ir.
1308 3206 1428 3259 656.
1481 3205 1584 3268 Vl,
1634 3205 1755 3256 240.
1859 3206 1937 3270 Π,
1989 3208 2041 3256 7.
2091 3203 2260 3256 Ovid.
2307 3205 2438 3256 Met.
2466 3200 2546 3270 11,
2601 3206 2751 3269 547„

437 3288 688 3335 ⁴‹ttmmm
733 3274 969 3327 tendere
1018 3275 1181 3327 Lucr.
1210 3275 1296 3339 V,
1345 3274 1464 3326 630.
1514 3272 1613 3325 Sil.
1664 3274 1772 3337 lX,
1826 3274 1945 3327 216.
1994 3269 2120 3323 Liv.
2170 3273 2386 3336 xxm,
2433 3271 2532 3338 34,
2583 3275 2638 3325 5.
2704 3282 2756 3324 et

452 3338 693 3408 saepius.
729 3368 799 3378 —-
849 3338 984 3405 411.
1018 3338 1119 3393 At
1160 3338 1415 3397 Venus
1449 3357 1581 3410 pro:
1620 3340 1811 3392 Venus
1846 3348 2049 3392 autem.
2118 3337 2253 3391 Vid.
2292 3338 2509 3393 adnott.
2544 3340 2617 3391 ad
2659 3341 2754 3391 Ge.

375 3434 386 3451 s
450 3406 687 3474 1152246.
720 3412 818 3448 -’
854 3405 973 3458 412.
1006 3409 1242 3473 „Densa
1280 3406 1433 3460 nube
1469 3406 1827 3465 circumfudit
1862 3424 1975 3460 eos.
2042 3404 2136 3459 Ab
2175 3408 2424 3460 Homero
2475 3424 2609 3460 eum
2652 3407 2757 3461 hoc

450 3473 681 3548 petiisse
716 3481 911 3527 notum
946 3483 1058 3540 est,
1113 3492 1144 3526 a
1191 3476 1262 3528 ud
1319 3493 1491 3546 quem
1523 3492 1690 3544 saepe
1724 3474 1832 3529 hoc
1867 3473 2137 3540 occurrit3
2184 3472 2259 3526 im
2306 3473 2462 3529 rimis
2495 3491 2759 3545 compara

454 3543 664 3616 Odyss.
685 3541 815 3610 VII,
857 3540 939 3594 14.
976 3493 1256 3607 39-46..
1310 3545 1717 3622 quem-locum
1753 3542 1865 3597 iam
1907 3540 2238 3621 monstravit
2266 3491 2523 3595 i’vlacrob.
2556 3543 2641 3609 V,
2673 3544 2758 3610 4.,

454 3612 528 3665 de
574 3612 802 3680 Ulysse,
893 3609 1079 3663 nando
1130 3610 1354 3663 Alcinm
1397 3626 1607 3682 regiam
1659 3610 1850 3678 intret,
1899 3611 1972 3664 ad
2019 3626 2180 3663 cums
2230 3612 2558 3680 exemplum
2610 3619 2759 3666 totus

453 3681 682 3734 Aeneae
732 3679 801 3730 ad
903 3675 1258 3747 arthaginem·
1293 3687 1348 3731 et
1391 3678 1672 3732 Didonem
1738 3680 1922 3732 aditus
1980 3687 2065 3731 est
2123 3675 2509 3733 adumbratus.
2593 3679 2762 3733 Adde

453 3749 722 3818 Apollon.
749 3750 849 3814 111,
886 3746 1206 3809 210—214.
1254 3755 1309 3799 et
1359 3745 1517 3801 alios.
1587 3748 1794 3811 Totum
1845 3750 2030 3800 locum
2079 3745 2354 3814 expressit
2401 3747 2524 3799 Val.
2575 3748 2760 3800 Flacc.

454 3815 540 3882 V,
578 3818 698 3868 400.
752 3833 876 3887 sqq.
913 3840 983 3853 --
1048 3814 1168 3867 413.
1203 3812 1324 3868 414.
1379 3812 1862 3883 Genii-ngare,
1915 3814 2064 3878 vim,
2115 3811 2411 3880 iniuriam,
2458 3814 2565 3881 iis,
2616 3824 2764 3868 tam-

498 3900 626 3935 uam
672 3881 936 3947 advenis,
974 3881 1199 3935 inferre.
1235 3911 1304 3923 --
1346 3879 1605 3936 moliri
1640 3898 1910 3936 moram
1983 3879 2314 3935 onderosius
2349 3899 2520 3954 quam
2557 3883 2763 3936 fatere.
2817 3926 2828 3945 .

453 3901 552 4016 {st
585 3950 738 4004 euim
772 3961 983 4004 struere
1015 3951 1110 4002 vel
1142 3966 1369 4004 movere
1403 3950 1579 4020 poetis
1614 3947 1887 4004 moliri.“
1985 3982 2002 4001 .
2044 3979 2113 3990 —
2152 3952 2239 4003 De
2276 3948 2678 4019 particulisne
2699 3978 2768 3992 -

453 4033 569 4070 neu
601 4049 670 4060 —
704 4036 769 4072 ve
801 4050 869 4060 —
907 4026 1013 4072 aut
1059 4016 1122 4071 iu
1169 4018 1367 4071 eadem
1414 4017 1687 4072 sententia
1727 4014 2038 4071 coniunctis
2075 4015 2194 4070 vid.
2228 4033 2397 4087 supra
2431 4017 2503 4070 ad
2541 4035 2598 4073 v.
2644 4021 2765 4073 370.

456 4113 527 4124 --
562 4085 888 4152 Poscere
937 4102 1039 4155 pro
1088 4102 1358 4159 quaerere
1403 4085 1609 4155 legitur
1652 4084 1820 4139 etiam
1866 4086 2010 4138 Aen.
2039 4087 2137 4150 111,
2182 4087 2266 4141 59.
2316 4086 2469 4159 quae
2511 4084 2592 4139 sit
2628 4103 2764 4140 sen·-

456 4149 673 4218 ientia,
717 4172 919 4222 posco.
969 4183 1038 4219 -,-
1117 4153 1239 4208 415.
1265 4156 1531 4220 „Versus
1582 4170 1653 4206 ex
1697 4155 1980 4219 Homero,
2029 4153 2129 4206 sed
2183 4152 2432 4207 ornatius
2471 4152 2766 4224 expressi,

458 4217 567 4270 od.
598 4220 737 4287 vul,
775 4224 892 4276 362.
927 4239 1052 4293 sqq.
1125 4221 1394 4292 Compara
1430 4222 1640 4290 Hymn.
1672 4219 1729 4298 in
1770 4221 1974 4274 Vener.
2002 4222 2086 4275 58.
2120 4223 2206 4275 59.
2243 4239 2311 4290 eq
2357 4258 2371 4272 .
2402 4229 2458 4274 et
2493 4212 2604 4275 Od.
2640 4222 2765 4287 vn,

455 4287 542 4338 80.
577 4287 665 4349 81.
699 4304 823 4360 sqq.
872 4290 944 4343 de
986 4292 1260 4344 Minerva.
1330 4289 1401 4342 At
1453 4307 1523 4341 ex
1577 4287 1805 4353 Virgilio
1861 4287 2063 4341 Statius
2111 4238 2379 4342 Thebi}
2464 4290 2552 4342 61.
2641 4286 2770 4343 Illa

455 4350 708 4432 chplaeon
739 4367 978 4413 veterem
1009 4369 1341 4430 centumque
1378 4355 1601 4412 altaria
1636 4354 1920 4428 linquens.
1941 4354 1990 4383 ‘⁶'
2019 4354 2108 4410 H.
2159 4355 2358 4409 ‘Etiam
2394 4326 2454 4408 ix.
2490 4357 2531 4408 1.-
2571 4354 2762 4413 codd.

454 4422 687 4493 quidam
719 4420 972 4503 Paphon
1020 4425 1322 4498 praebent,
1373 4426 1559 4498 quod,
1605 4426 1738 4481 Wr.
1767 4430 1940 4492 teste,
1990 4439 2064 4479 ex
2111 4423 2231 4481 suia
2280 4440 2510 4498 quoque
2561 4420 2760 4480 Codd.

768 4562 802 4620 Ο
