2870 4981
384 325 514 394 ³26
837 370 851 377 -
1092 320 1175 390 ¹1².
1220 317 1558 389 vmfflLu
1613 317 1983 390 mouns

389 512 798 592 Quaecumque
835 510 902 573 in
940 509 1100 574 tonis
1142 505 1456 592 desumpsit
1488 510 1751 572 carmina
1788 508 2000 591 virgo,
2255 558 2262 563 .
2335 522 2340 525 ’
2580 508 2712 589 ,⁴45

386 595 620 677 Digerit
655 595 718 656 iu
757 616 1092 677 numerum,
1138 605 1311 677 atque
1363 604 1532 658 antro
1573 595 1807 658 seclusa
1845 595 2143 678 relinquit.

387 681 502 743 Illa
540 690 774 747 manent
817 681 1053 744 immota
1094 681 1272 759 locis,
1317 701 1506 762 neque
1552 683 1626 751 ab
1669 680 1873 742 ordine
1912 685 2142 748 cedunt.

387 766 605 829 Verum
643 767 842 827 eadem
865 814 881 844 ,
929 786 1101 829 verso
1149 766 1336 828 tenuis
1384 786 1560 847 quum
1600 765 1835 829 cardine
1869 777 2079 831 ventus

389 850 660 932 Impulit,
705 860 762 911 et
803 860 1030 914 teneras
1078 851 1332 927 turbavit
1367 850 1549 913 ianua
1592 851 1854 929 frondis,
2644 909 2650 916 .

390 935 723 1017 Numquam
766 936 970 1005 deiude
1010 956 1154 1000 cavo
1199 936 1505 1000 volitantia
1545 936 1828 1016 prendere
1855 955 2057 1016 βίαι),
2178 970 2184 980 1
2581 934 2708 1005 4⁵⁰

328 1020 517 1084 '‘Nec
559 1039 834 1082 revocare
875 1020 1064 1100 situs,
1107 1031 1207 1083 aut
1247 1022 1494 1102 iungere
1537 1020 1798 1083 earmina
1841 1029 2027 1087 curat.
2513 1020 2522 1050 ³

288 1129 297 1137 ’
390 1104 714 1170 Inconsulti
751 1107 1002 1185 abeunt,
1047 1109 1355 1188 sedemque
1403 1109 1578 1169 odere
1618 1106 1904 1187 Sibyllae.
1960 1100 1968 1109 ’

390 1190 508 1254 Hic
551 1188 655 1251 tibi
702 1211 770 1252 ue
808 1211 924 1270 qua
967 1211 1165 1254 morae
1209 1191 1426 1285 fuerint
1465 1191 1769 1273 dispendia
1809 1191 1954 1253 tanti
1978 1238 1996 1268 ,

393 1274 678 1356 Quamvis
718 1274 1065 1375 increpitent
1108 1276 1287 1356 socii,
1332 1285 1390 1338 et
1430 1276 1494 1339 vi
1536 1296 1743 1353 cursus
1785 1275 1845 1338 iu
1895 1276 2078 1338 altum

390 1455 615 1525 literas,
642 1465 701 1510 et
721 1453 991 1528 nondun,
1018 1455 1224 1525 verbm,
1254 1456 1398 1522 (vid.
1415 1459 1516 1513 Ge.
1535 1461 1621 1525 111,
1660 1455 1807 1525 158.)
1833 1456 2003 1526 foliis
2026 1460 2346 1532 mutiana,
2378 1460 2697 1534 inscribens,

395 1529 484 1594 (ut
508 1542 598 1594 ap.
625 1524 742 1579 Cic.
769 1525 947 1579 Acad.
973 1526 1066 1593 IV,
1099 1532 1149 1579 1.
1177 1526 1554 1582 monmnentr‘s
1574 1528 1861 1582 mandare
1888 1536 1944 1580 et
1965 1545 2133 1596 saepe
2159 1528 2423 1601 scriptis,
2453 1532 2699 1588 versibus

613 1611 681 1648 re
714 1590 886 1659 cett.)
922 1593 1073 1649 canit
1108 1592 1252 1660 sata3
1300 1595 1374 1647 de
1451 1614 1524 1647 uo
1554 1606 1662 1650 usu
1699 1596 1941 1668 duorum
1977 1594 2280 1650 verborum
2318 1615 2421 1668 per
2453 1603 2695 1670 copulam

394 1661 822 1720 coniunctorum
859 1664 986 1715 Ioco
1021 1662 1188 1716 unius
1222 1660 1383 1715 verbi
1443 1661 1559 1716 ‘niti
1595 1680 1724 1718 cutm
1768 1662 2068 1731 participio·
2098 1665 2324 1720 alterius
2349 1667 2468 1720 vid.
2502 1669 2694 1722 adnott.

396 1733 468 1789 ad
486 1731 710 1795 Ec1.v1,
726 1734 808 1783 20.
824 1731 921 1782 Ge.
938 1731 1002 1798 11,
1018 1732 1100 1784 56.
1128 1732 1198 1783 al.
1228 1728 1488 1785 Ceterum
1513 1733 1585 1784 Η.
1614 1733 1866 1785 adnotat=
1897 1731 2126 1797 „Refert
2148 1742 2332 1787 autem
2363 1733 2553 1788 sabula
2577 1737 2696 1790 ulti-

396 1814 549 1863 mam
583 1797 1001 1869 antiquitatem,
1053 1814 1228 1869 quum
1267 1798 1414 1852 foliis
1454 1797 1720 1853 arborum
1753 1816 1860 1866 pro
1892 1798 2079 1853 charta
2116 1810 2404 1855 uterentur
2438 1802 2693 1857 homines.

396 1872 559 1923 'runc
583 1866 749 1920 etiam
781 1860 938 1919 antra
962 1876 1119 1920 erant
1143 1882 1246 1935 pro
1276 1864 1601 1920 domibus.“
1626 1895 1696 1908 -
1725 1867 1846 1921 445.
1876 1866 2237 1935 carmina,
2268 1868 2550 1925 vaticinia.
2589 1871 2694 1925 vid.

398 1940 517 1990 Ecl.
544 1936 635 2000 IV,
663 1935 714 1985 4.
743 1942 799 1987 et
826 1950 993 2004 supra
1019 1935 1088 1988 ad
1120 1951 1175 1986 v.
1203 1933 1324 1988 438.
1357 1962 1426 1976 -—
1492 1934 1611 1989 ⁴46.
1639 1933 1955 2005 Digna-it
1981 1933 2056 1988 ίσι
2082 1952 2488 2006 numerum,
2518 1938 2693 2009 dispo-

336 2012 345 2019 “
397 2004 486 2059 nit
530 1999 613 2057 in'
638 1999 928 2069 ordinbm,
964 2011 1026 2056 ut
1064 2009 1214 2071 patet
1242 2019 1314 2055 ex
1350 2019 1408 2055 v.
1438 2003 1558 2056 447.
1574 2022 1594 2067 3⁷
1629 2011 1839 2068 spectat
1867 2011 2052 2055 autem
2082 2003 2340 2058 ordinem
2372 2023 2560 2059 rerum
2589 2024 2618 2059 a
2641 2022 2690 2059 aa

397 2071 827 2143 praedictarum,
856 2088 972 2143 quo
996 2069 1260 2139 temporis
1286 2069 1524 2124 decursu
1554 2087 1615 2124 se
1644 2078 1976 2138 exceptus-ae
2005 2070 2135 2123 sint.
2163 2097 2233 2109 -
2264 2073 2388 2127 448.
2415 2073 2689 2140 „tenuia

399 2148 711 2207 neruus,-
764 2149 925 2191 ornat
971 2137 1293 2207 epitheton,
1346 2155 1379 2191 a
1429 2147 1624 2191 natura
1673 2138 1827 2191 venti
1877 2138 2197 2191 sumtum.“
2244 2139 2334 2195 H.
2407 2143 2582 2194 Immo
2625 2140 2689 2196 sie

399 2207 673 2275 accipias:
723 2207 817 2259 vel
853 2206 1007 2260 tenui
1045 2223 1206 2271 aura,
1258 2205 1482 2260 ianuam
1518 2206 1823 2271 aperiendo
1860 2204 2137 2271 immissa,
2171 2223 2315 2277 opus
2354 2217 2439 2263 est
2472 2210 2543 2261 ad
2581 2209 2690 2263 solia

399 2273 700 2329 turbanda.
744 2303 816 2313 --
874 2290 1094 2329 verso
1141 2273 1497 2342 cardine,
1552 2274 1720 2327 ianua
1765 2290 1795 2326 a
1838 2283 1986 2337 orta,
2044 2273 2282 2327 intrante
2315 2278 2428 2328 ‘vel
2474 2286 2688 2330 exeunte

399 2341 621 2412 Sibylla
647 2349 741 2395 aut
765 2340 877 2395 alio
902 2342 1134 2417 quovis,
1158 2341 1256 2413 qui
1288 2359 1410 2395 eam
1441 2340 1649 2396 invisit.
1675 2351 1758 2383 —‘
1878 2343 1930 2395 9.
1961 2339 2275 2409 Impulit
2301 2344 2424 2397 scil.
2448 2344 2688 2397 carmina.

399 2440 472 2453 --
504 2412 624 2464 450.
661 2425 843 2464 cavo
876 2426 1106 2477 saxo,
1152 2408 1210 2461 in
1246 2419 1440 2473 antro,
1478 2427 1577 2479 per
1611 2418 1850 2462 antrum.
1884 2438 1954 2449 -
2019 2411 2138 2462 451.
2174 2409 2322 2465 Nee
2353 2424 2689 2466 revocare

401 2478 966 2545 situs--curat,
1006 2477 1295 2531 restituere
1329 2478 1588 2532 ordinem
1626 2476 1887 2532 soliorum
1910 2516 1926 2543 ,
1963 2495 2139 2531 tunium
2168 2480 2440 2551 quodque
2468 2480 2527 2533 in
2553 2495 2688 2534 suum

395 2548 586 2601 Iocum
615 2561 995 2612 reponere.--
1027 2542 1605 2600 &mittentes-ulti
1631 2544 1935 2612 abeunt,
1962 2545 2060 2617 qui
2088 2545 2687 2616 intraverantSibyllam

399 2612 729 2669 consulturi.
768 2650 818 2679 „
836 2611 1149 2667 inconsulti
1180 2613 1218 2666 i.
1247 2630 1297 2665 e.
1329 2612 1536 2685 quibus
1563 2615 1912 2678 consultum,
1946 2629 2275 2680 responsum
2307 2633 2425 2668 non
2451 2624 2559 2679 est,
2592 2614 2689 2668 sina

399 2698 673 2750 responso
707 2680 849 2752 [qua
872 2679 1321 2753 quidemsignis.
1348 2690 1673 2751 usurpatum
1690 2680 1799 2734 hoc
1824 2680 2172 2749 participium
2189 2679 2325 2736 alibi
2357 2700 2477 2736 non
2497 2682 2689 2737 videtur

401 2748 680 2814 inveniri,
717 2748 869 2819 quod
909 2757 1003 2801 aut
1037 2765 1164 2800 eum
1204 2748 1509 2818 siguificat,
1549 2749 1646 2821 qui
1687 2766 1805 2801 non
1839 2756 2062 2818 rogatus
2097 2759 2181 2802 est
2214 2750 2549 2817 consilium,
2579 2767 2688 2804 sen·

408 2815 668 2882 tentiam,
727 2825 821 2869 anit
869 2831 1035 2881 eum,
1090 2816 1186 2888 qui
1223 2816 1463 2871 consilio
1499 2834 1614 2869 non
1656 2815 1859 2882 utitur,
1908 2816 2006 2869 sed
2044 2824 2280 2881 temere,
2320 2818 2569 2882 incaute,
2601 2817 2690 2870 im-

402 2885 710 2954 prudenter
744 2883 913 2952 agit.]
986 2882 1230 2937 Fabulae
1280 2882 1448 2953 igitur
1481 2901 1544 2936 ea
1581 2882 1774 2937 subest
1810 2883 1982 2948 ratio,
2034 2885 2190 2955 quod
2225 2884 2444 2953 Sibylla
2480 2885 2580 2939 scri
2617 2893 2686 2950 to,

402 2969 522 3007 non
549 2968 678 3018 ore,
717 2952 892 3005 edidit
920 2951 1179 3006 vaticinia
1198 2991 1212 3017 ‚
1284 2952 1511 3024 uodque
1543 2951 1636 3004 illa
1666 2954 1881 3020 plerum
1928 2968 1998 3003 ue
2023 2960 2180 3004 erant
2203 2952 2475 3020 obscura,
2506 2962 2587 3005 tur
2623 2960 2688 3004 ata

403 3029 462 3074 et
488 3020 585 3074 vix
612 2967 1336 3092 menteassequendaff‘ffll.
1356 3049 1422 3059 —
1471 3022 1590 3072 453.
1609 3037 1735 3093 sqq.
1759 3021 1828 3071 H.
1862 3037 1892 3070 a
1938 3027 2157 3086 monet,
2180 3022 2431 3073 colorem
2457 3019 2688 3074 orationis

400 3086 670 3148 illustrari
721 3104 885 3157 posse
928 3096 1258 3155 comparato,
1296 3090 1420 3139 loco
1457 3086 1675 3139 Gallim.
1729 3085 1787 3139 in
1823 3089 1948 3139 Del.
1977 3090 2096 3140 318.
2166 3086 2316 3142 Dis
2382 3087 2685 3152 eradium,

402 3157 559 3228 'quod
601 3156 906 3224 opponitur
939 3155 1308 3224 compendio,
1334 3154 1572 3223 proprie
1614 3163 1696 3207 est
1730 3164 2018 3223 sumptus,
2061 3154 2280 3208 deinde
2343 3157 2687 3217 tenimentum,

404 3223 648 3285 iactura,
680 3239 885 3278 mora
911 3231 1095 3275 autem
1126 3232 1209 3277 est
1241 3232 1492 3289 tempus,
1524 3223 1675 3294 quod
1717 3223 1992 3275 morando
2016 3224 2382 3276 consumitur.-
2405 3236 2418 3240 ·
2438 3219 2688 3276 Sententia

404 3289 577 3360 igitur
623 3288 785 3359 llaec,
814 3299 925 3342 est:
978 3290 1102 3343 Noli
1156 3292 1250 3343 vel
1300 3290 1600 3345 maximam
1636 3299 1746 3343 tem
1831 3289 1904 3343 ris
1939 3289 2202 3342 iacturam
2233 3290 2457 3345 ‘tanta’
2506 3291 2687 3352 facere,

405 3365 618 3411 tantum
661 3356 1081 3410 incommodum
1117 3358 1356 3424 ducere,
1418 3367 1479 3411 ut
1515 3357 1748 3411 incensu
1777 3366 1828 3409 ta
1875 3365 2001 3409 vate
2037 3356 2139 3411 tibi
2178 3355 2506 3412 abeundum
2541 3364 2688 3426 putes.

407 3426 495 3478 De
546 3420 736 3476 verbis
786 3424 937 3477 tanta·
984 3442 1109 3479 esse
1158 3426 1219 3478 in
1270 3424 1549 3478 eiusmodi
1598 3424 1736 3479 locis
1773 3424 2049 3493 usurpatis
2086 3425 2203 3478 vid.
2238 3427 2412 3480 Bach.
2451 3427 2520 3479 ad
2554 3422 2688 3478 ovid.

298 3531 312 3550 s
407 3493 542 3546 Met.
574 3494 653 3557 11,
689 3490 846 3557 424„
894 3492 990 3562 qui
1027 3503 1311 3561 comparat
1344 3496 1511 3563 Prop.
1544 3495 1597 3559 1,
1627 3493 1702 3558 ⁷6,
1742 3496 1823 3545 13.
1859 3495 1960 3558 111,
2005 3499 2100 3556 12,
2137 3497 2189 3545 3.
2244 3504 2299 3546 et
2335 3490 2603 3547 Valcken.
2635 3489 2691 3543 ad

409 3561 544 3614 Eur.
581 3558 652 3612 Hi
698 3576 752 3628 p.
789 3577 845 3628 p.
875 3565 1026 3624 202,
1076 3577 1204 3613 cum
1241 3569 1434 3615 nostro
1483 3564 1608 3614 loco
1643 3557 2024 3614 conferentem
2060 3558 2326 3626 Calpurn.
2365 3564 2485 3615 Ecl.
2517 3562 2595 3625 V,
2625 3559 2692 3612 ³6.

353 3624 359 3636 '
410 3638 467 3683 et
502 3627 638 3681 Clau
687 3665 701 3679 .
764 3625 822 3680 in
857 3627 983 3680 Rus.
1011 3631 1082 3695 11,
1120 3628 1238 3683 249.
1273 3658 1343 3671 -
1409 3630 1531 3682 454.
1577 3626 2065 3696 increpitent.
2137 3628 2460 3699 Ine-nepam
2510 3636 2588 3682 est
2620 3632 2695 3679 aut

409 3695 702 3751 excitantis
740 3703 835 3748 aut
866 3695 1252 3765 vituperantis.
1287 3693 1394 3747 Hic
1431 3688 1668 3766 utraffue
1704 3693 1894 3765 signis.
1930 3695 2306 3764 coniungitur.
2377 3696 2524 3751 Socii
2564 3693 2696 3762 cogi-

408 3772 598 3818 tantur
647 3762 1022 3831 vituperantes
1056 3766 1305 3816 Aeneam
1358 3760 1433 3816 ob
1479 3761 1748 3832 temporis
1786 3763 2048 3815 iacturam
2086 3773 2141 3816 et
2176 3763 2482 3828 excitantes
2517 3764 2582 3816 ad
2614 3763 2698 3816 iter

410 3831 602 3886 denuo
648 3830 1079 3903 ingrediendum
1129 3848 1193 3885 ac
1227 3830 1693 3884 continuandum.
1766 3829 2133 3949 vituperandi
2172 3848 2342 3885 sensu
2381 3832 2580 3904 legitur
2608 3830 2697 3883 hoo

409 3895 649 3954 verbum
704 3917 754 3952 e.
807 3915 861 3970 g.
907 3900 1008 3952 Ge.
1043 3899 1151 3966 IV,
1205 3902 1318 3952 138.
1373 3898 1475 3952 Sil.
1516 3899 1672 3965 VIII,
1711 3897 1830 3952 264.
1941 3900 2013 3950 al.
2058 3901 2209 3951 Max.
2254 3902 2353 3967 111,
2392 3905 2443 3953 3.
2490 3907 2593 3953 ext.
2625 3902 2695 3961 2.,

412 3967 692 4022 excitandi
731 3984 897 4036 supra
932 3967 1077 4021 Aen.
1104 3969 1161 4032 1,
1197 3970 1317 4021 738.
1353 3964 1510 4019 alibi.
1545 3994 1615 4005 -
1681 3966 1804 4020 454.
1840 4003 1889 4032 ,,
1912 3963 2144 4021 Vocant
2178 3984 2369 4022 nume
2403 3965 2531 4021 vela
2556 3979 2699 4034 supra

413 4037 591 4087 v.356.
616 4073 631 4101 ,
662 4052 838 4108 quum
865 4043 1066 4089 ventus
1095 4034 1377 4090 secundus
1404 4034 1593 4101 spirat.
1627 4031 1905 4103 Quoniam
1933 4033 2291 4088 talissventus
2319 4050 2544 4090 cursum
2574 4030 2698 4095 facit,

413 4108 471 4153 et
529 4102 597 4154 ad
663 4102 1079 4173 navigationem
1134 4102 1536 4157 instituendam
1584 4110 1783 4166 vocat,
1819 4102 1978 4170 .ipse-
2019 4118 2304 4158 cuv-eus
2366 4099 2696 4220 (secundulsi)

411 4168 539 4218 vela
588 4179 749 4223 vocat
798 4168 912 4238 υἱ,
971 4174 1104 4238 βίῃ,
1153 4175 1331 4235 βίῃφι,
1401 4170 1457 4222 h.
1498 4187 1550 4222 e.
1588 4171 1676 4221 σιῖν
1726 4169 1851 4237 βίᾳ.
1902 4170 2099 4235 βιαίως,
2161 4170 2542 4224 vehementer.
2562 4169 2595 4196 “
2681 4199 2697 4218 .

412 4234 645 4304 Wakes.
692 4237 760 4289 ad
798 4239 962 4290 Lucr.
991 4239 1104 4304 Vl,
1147 4238 1262 4292 134.
1315 4247 1524 4290 temere
1577 4236 1726 4290 coni.
1804 4236 2039 4294 Gaurus
2074 4254 2174 4306 pro
2207 4254 2456 4306 cm,
2510 4237 2565 4290 in
2603 4235 2615 4247 “
2651 4247 2701 4286 st

412 4311 598 4355 autem
636 4304 854 4375 Virgilii
892 4306 1027 4360 adit.
1065 4307 1252 4360 locum
1286 4304 1368 4359 sic
1399 4303 1718 4373 constituit:
1763 4313 1820 4359 et
1853 4303 1911 4357 υἱ
1943 4321 2224 4359 rursus
2254 4303 2319 4359 r'n
2350 4304 2532 4366 altune
2571 4251 2649 4357 13,
2625 4296 2701 4354 el·

412 4380 691 4425 vocent.
763 4374 1040 4426 Pluralem
1093 4383 1293 4428 vocent
1342 4372 1538 4443 utique
1575 4372 1764 4438 plures
1799 4370 1980 4425 Codd.
2018 4371 2325 4439 exhibent,
2374 4373 2475 4428 sed
2507 4370 2702 4425 videtur

345 4491 353 4498 ,
414 4456 450 4495 a
465 4435 712 4498 librarii·
750 4440 1102 4497 antecedenti
1127 4439 1331 4512 plurali
1354 4436 1697 4511 increpem
1730 4440 2187 4497 accommodatus
2219 4457 2366 4502 esae-
2404 4437 2493 4497 Οἱ.
2522 4440 2699 4506 Waflu·
2769 4459 2782 4468 ·
