2870 4981
403 304 531 373 184
1062 393 1075 397 ι
1126 304 1194 365 r.
1236 302 1572 368 numm
1613 300 1982 367 ments

403 495 575 574 Quod
614 492 826 573 pelago
866 500 926 556 et
965 492 1169 558 curvis
1210 510 1412 556 seeum
1453 509 1706 556 avexere
1741 488 1984 558 carinis.

350 596 361 617 ¹
402 581 485 643 Et
520 599 700 655 nunc,
743 582 894 656 quod
938 579 1163 659 patrias
1198 588 1371 641 vento
1415 578 1633 656 petiere
1667 576 1955 657 Mycenas
1977 622 1998 655 ‚
2541 618 2554 629 -
2589 572 2700 640 18⁰

335 706 346 726 .
400 666 583 726 Arma
623 665 876 741 deosque
921 673 1133 745 parant
1177 663 1454 741 comiteS,
1496 662 1822 742 pelagoque
1861 679 2130 723 remenso

399 748 708 827 Improvisi
752 751 1017 813 aderunt.
1100 749 1194 811 lta
1236 748 1451 830 digerit
1493 746 1688 809 omina
1723 745 2000 811 CalchaS.
2135 770 2140 777 ·

399 833 575 895 Hanc
615 854 720 913 pro
763 834 1067 914 Palladio,
1111 833 1346 912 moniti,
1386 854 1495 913 pro
1539 831 1772 893 numine
1810 830 2013 912 laeso,

399 917 676 998 Effigiem
727 929 1013 1000 statuere,
1045 919 1212 982 nefas
1263 938 1413 1000 quae
1458 918 1622 980 triste
1643 913 1872 997 piaret.

400 1099 673 1172 explicari
707 1099 916 1172 possit,
960 1108 1024 1156 ut
1072 1097 1333 1171 pluribus
1383 1095 1630 1155 navibus
1676 1113 1712 1152 o
1752 1114 1822 1152 us
1873 1095 2051 1152 fuisse
2095 1094 2252 1151 dicas
2298 1094 2373 1151 ad
2410 1097 2701 1168 palladium

402 1167 477 1224 ab
509 1168 702 1224 hostili
736 1169 983 1238 impetu,
1020 1168 1120 1242 qui
1152 1168 1440 1223 timendus
1473 1174 1653 1235 esset,
1732 1165 2134 1220 esendendum.
2203 1165 2316 1219 Sed
2342 1167 2512 1236 longe
2540 1168 2702 1223 maior

401 1234 540 1291 huic
588 1235 1032 1307 interpretationi
1090 1233 1274 1290 obstat
1304 1235 1622 1289 difficultas.
1690 1234 1988 1305 Quomodo
2025 1233 2178 1287 enim
2216 1231 2452 1288 Calchas
2487 1234 2556 1287 de
2587 1237 2702 1304 pal-

400 1304 557 1360 ladio
587 1305 714 1371 illo,
748 1303 860 1358 vix
891 1302 1104 1358 castule
1119 1303 1318 1373 posito
1379 1303 1563 1358 statim
1596 1311 1721 1371 post
1751 1301 1913 1371 prodi
1957 1301 2009 1354 ia
2043 1299 2117 1354 ab
2152 1319 2220 1356 eo
2249 1300 2400 1354 edita
2434 1311 2702 1383 tamquam

404 1370 479 1425 de
503 1369 745 1426 navibus
774 1371 887 1424 iarn
919 1380 1113 1425 avecto
1146 1380 1201 1424 et
1229 1388 1288 1424 re
1334 1371 1553 1424 ucendo
1578 1378 1758 1438 potest
1791 1371 1928 1442 loqu
1968 1369 1994 1422 ?
2055 1368 2327 1440 Quamvis
2351 1369 2506 1422 enim
2529 1371 2699 1437 dicas,

404 1456 462 1493 v.
494 1442 609 1494 179.
689 1438 958 1493 Sinonem
1004 1437 1283 1509 respicere
1331 1437 1606 1507 posterius
1652 1446 1905 1506 tempus,
1956 1454 2073 1510 quo
2119 1453 2254 1490 vere
2303 1436 2417 1489 iam
2468 1437 2703 1493 universi

406 1507 601 1561 Graeci
629 1524 663 1559 a
687 1506 852 1562 litore
864 1507 1114 1562 Troiano
1140 1506 1474 1569 solvissentt,
1504 1504 1764 1579 quamvis
1789 1504 1931 1558 adeo
1958 1513 2137 1558 totum
2166 1520 2224 1558 v.
2254 1507 2370 1560 179.
2396 1515 2703 1572 suspectum

402 1572 649 1641 habeas,
702 1582 910 1629 restant
959 1583 1148 1627 tamen
1196 1572 1517 1627 Calchantis
1559 1571 1733 1627 verba
1783 1587 1993 1626 numen
2040 1572 2360 1640 reducant,
2413 1589 2555 1643 quae
2599 1572 2702 1627 iam

405 1640 657 1696 ablatum
693 1641 1001 1712 palladium
1040 1642 1307 1695 videntur
1344 1659 1574 1710 ponere.
1644 1639 1871 1693 Nemini
1904 1650 2093 1693 autem
2129 1639 2307 1701 Sinon
2340 1638 2701 1709 persuadebit,

405 1710 589 1764 statim
625 1717 751 1780 post
787 1710 885 1761 illa
914 1708 1166 1778 prodigia
1202 1708 1566 1763 simulacrum
1599 1707 1733 1762 navi
1767 1707 2094 1775 impositum
2136 1716 2192 1759 et
2225 1715 2481 1760 avectum
2513 1707 2702 1775 fuisse,

406 1773 708 1830 Calchanta
767 1785 953 1829 autem
1013 1785 1133 1828 tum
1194 1775 1424 1829 demum
1496 1776 1638 1831 haec
1700 1774 1991 1830 cecinisse.
2086 1777 2269 1856 Quare
2325 1774 2437 1827 nisi
2498 1792 2702 1842 sumas,

406 1844 709 1915 Virgilium
744 1843 890 1896 hanc
921 1842 1106 1896 fictam
1141 1842 1369 1898 Sinonis
1400 1844 1778 1899 narrationem
1810 1846 2066 1898 consulto
2101 1853 2175 1896 ita
2212 1842 2614 1911 composuisse,
2648 1853 2705 1897 ut

402 1909 708 1966 homoiste
739 1910 847 1966 sibi
887 1910 1006 1981 ipse
1032 1910 1470 1975 contradiceret,
1508 1921 1604 1965 aut
1631 1908 1897 1982 ambigua
1926 1920 1983 1964 et
2020 1909 2258 1966 obscura
2286 1908 2582 1979 proferret,
2612 1909 2705 1965 vix

406 1979 515 2032 alia
549 1989 802 2048 superest
837 1977 930 2031 via
971 1981 1159 2033 locum
1208 1978 1585 2058 expediendi,
1637 1997 1810 2051 quam
1855 1987 1918 2032 nt
1964 1989 2202 2044 statuas,
2256 1975 2441 2031 iuberi
2490 1978 2706 2050 quidem

406 2048 644 2101 Graecos
680 2065 710 2099 a
747 2046 1048 2100 Calchante
1082 2048 1390 2116 palladium
1426 2047 1545 2100 suis
1578 2045 1842 2101 manibus
1876 2048 2151 2116 pollutum
2185 2060 2339 2111 nunc
2389 2061 2576 2099 secum
2607 2045 2705 2099 ab·

404 2113 640 2181 ducere,
690 2125 884 2183 postea
922 2131 1083 2181 vero,
1135 2113 1300 2168 novis
1346 2114 1611 2183 auspiciis
1645 2114 1819 2184 captis
1870 2114 2092 2188 diisque
2126 2111 2387 2184 placatis,
2426 2114 2705 2169 lustratum

401 2180 722 2255 iterumque
756 2192 1138 2236 consecratum
1174 2182 1474 2249 reducere3
1507 2179 1683 2236 verba
1717 2191 1938 2249 autem,
1969 2199 2002 2235 a
2038 2182 2250 2235 Sinone
2282 2179 2505 2245 addita,
2544 2178 2707 2257 Quod

391 2246 614 2321 ,pelago
649 2279 677 2291 -
718 2276 746 2287 -
782 2248 1004 2304 carinis·
1050 2268 1169 2305 non
1218 2258 1469 2319 spectare
1515 2260 1735 2319 tempus
1781 2249 2031 2309 vaticinii
2067 2249 2236 2314 editi,
2290 2247 2392 2304 sed
2438 2247 2498 2300 id
2533 2248 2704 2318 ipsum

404 2325 629 2387 tempus
650 2357 665 2384 ‚
717 2335 833 2389 quo
867 2316 1047 2370 Sinon
1081 2316 1342 2371 Troianis
1394 2317 1543 2370 hanc
1592 2317 1840 2383 fabulam
1886 2327 2125 2377 enarret.
2156 2342 2226 2354 -
2294 2317 2412 2369 180.
2445 2319 2559 2369 181.
2593 2355 2628 2383 ,‚
2647 2319 2707 2371 Et

405 2400 562 2438 nunc
631 2388 782 2456 quod
849 2386 909 2437 in
977 2384 1266 2438 Graeciam
1320 2385 1646 2451 redierunt,
1710 2384 1821 2438 hoc
1886 2402 1954 2439 eo
2018 2385 2288 2454 pertinet,
2354 2399 2424 2436 eo
2485 2384 2704 2440 consilio

406 2450 616 2505 factum
653 2461 765 2519 est,
818 2460 882 2505 ut
913 2462 1111 2521 parent
1143 2482 1212 2493 -
1245 2453 1344 2508 sed
1393 2453 1557 2522 poeta
1605 2451 1883 2526 exquisite
1929 2452 2181 2507 medium
2220 2449 2488 2508 orationis
2536 2468 2705 2505 mem-

406 2517 575 2572 brum
630 2520 879 2591 neglexit
921 2520 1149 2589 (potius
1192 2518 1526 2573 brevitatem
1575 2520 1909 2601 exquisitam
1955 2530 2179 2575 secutus
2212 2529 2297 2574 est
2331 2519 2516 2588 poeta.
2553 2519 2703 2587 W)

334 2597 339 2602 ¹
408 2585 672 2640 Ceterum
705 2587 836 2640 vide
872 2604 945 2640 an
980 2590 1145 2655 poe'ta
1183 2587 1409 2658 dignior
1446 2588 1519 2642 sit
1546 2597 1722 2642 oratio
1758 2606 1828 2641 ex
1865 2598 2073 2642 mutata
2105 2586 2589 2653 interpunctione:
2632 2588 2705 2644 Et

409 2663 567 2710 §ruric
577 2694 597 2722 ,
649 2656 810 2733 quod
846 2684 874 2698 -
911 2683 939 2696 -
980 2653 1262 2723 Calchas,
1310 2654 1492 2709 Hanc
1531 2672 1652 2725 pro
1686 2653 1971 2711 Palladio
2004 2684 2033 2697 -
2069 2684 2097 2697 -
2147 2654 2389 2778 ⁸§fg-tem
2438 2665 2700 2713 sitam.

406 2724 473 2775 In
511 2722 700 2775 medio
747 2721 926 2791 posita
973 2723 1224 2795 reliqua,
1278 2731 1565 2795 tamquam
1614 2723 1678 2775 in
1728 2722 2071 2793 parenthesi.
2088 2721 2125 2751 “
2231 2760 2248 2778 .
2321 2722 2492 2789 „Sed
2538 2741 2599 2776 ea
2630 2732 2705 2779 est

334 2798 339 2803 ’
406 2788 610 2843 horum
649 2790 1072 2844 enunciatorum
1107 2798 1334 2856 natura,
1370 2799 1433 2843 nt
1447 2800 1678 2860 parant
1712 2800 1768 2846 et
1791 2792 2044 2845 aderunt
2075 2790 2374 2846 manifesto
2411 2790 2705 2860 apodoseos

407 2858 478 2909 ad
523 2861 681 2931 quod
702 2857 928 2927 petiere
958 2859 1162 2912 relatae
1193 2856 1470 2911 rationem
1503 2874 1636 2926 prae
1675 2876 1735 2913 se
1769 2858 1967 2912 serant.
2002 2890 2071 2899 —
2163 2860 2344 2926 uod,
2401 2858 2437 2911 i.
2477 2876 2528 2912 e.
2664 2861 2703 2913 d

407 2923 648 2993 attinet,
718 2929 802 2980 ad
850 2925 950 2993 id,
1003 2926 1197 3000 quod,
1246 2925 1411 2979 etiam
1453 2925 1822 2991 «pedestribus
1868 2926 2117 2995 scriptori
2165 2944 2229 2980 us
2278 2925 2568 2999 frequenta
2593 2944 2704 2992 um3

408 2997 668 3063 exempla
719 2994 764 3048 si
815 2995 1008 3063 cupis,
1059 2992 1151 3047 adi
1200 3003 1317 3047 not.
1368 2993 1566 3047 Heius.
1612 2993 1683 3047 ad
1731 2991 1900 3047 ovid.
1949 2996 1992 3046 E
2038 2994 2108 3049 ist
2143 2996 2331 3060 XVII,
2385 2994 2529 3049 51.“
2565 2993 2700 3053 Wr-

406 3061 575 3114 Adde
610 3064 824 3115 Manut.
874 3063 943 3116 ad
980 3062 1098 3116 Cic.
1146 3061 1219 3115 ad
1251 3060 1382 3116 Div.
1419 3062 1507 3128 V,
1539 3066 1626 3114 20.
1659 3061 1890 3115 Ruhnk.
1936 3079 1969 3115 a
2056 3066 2189 3116 Ter.
2225 3064 2429 3115 Heaut.
2461 3064 2604 3115 Prol.
2627 3063 2702 3116 16.

410 3129 768 3182 Huschkium
816 3130 884 3181 ad
938 3129 1154 3184 Tibull.
1190 3133 1252 3196 Ι,
1304 3131 1370 3195 5,
1416 3128 1525 3183 47.’
1560 3131 1834 3183 Goerenz.
1887 3129 1959 3183 ad
2011 3126 2126 3184 Cic.
2175 3130 2341 3184 Finn.
2376 3132 2430 3196 1,
2482 3134 2578 3197 21,
2625 3135 2702 3182 7¹.

408 3196 660 3248 Kiilmer.
714 3197 783 3250 ad
835 3196 951 3250 Cic.
982 3202 1152 3252 Tusc.
1189 3200 1289 3264 111,
1325 3201 1421 3266 30,
1459 3202 1546 3254 73.
1594 3195 1864 3252 Ochsner.
1900 3199 2018 3252 Ecl.
2073 3197 2192 3252 Cic.
2237 3214 2297 3267 p.
2327 3200 2445 3250 278.
2492 3199 2702 3267 Zumpt.

409 3262 602 3329 §.622
655 3264 882 3317 Ramsh.
923 3267 966 3333 ς.
999 3269 1114 3318 178.
1173 3274 1292 3319 not.
1327 3267 1396 3333 2,
1447 3282 1498 3318 a.
1545 3265 1705 3320 alios.
1741 3295 1810 3305 —
1863 3281 2137 3335 „arma
2177 3274 2513 3335 parant,
2564 3266 2621 3319 h.
2657 3281 2702 3317 e.

408 3344 546 3400 opes
599 3337 654 3381 et
707 3330 895 3398 copias
960 3330 1193 3387 bellicas
1242 3331 1583 3399 instaurant,
1645 3333 1825 3387 deos
1863 3343 2154 3403 parant
2202 3331 2513 3389 comites
2558 3332 2707 3387 factis

408 3394 583 3452 sacris
629 3399 890 3464 placatos.
945 3398 1111 3465 [Vid.
1161 3404 1396 3469 supr.1,
1434 3400 1597 3467 360]
1634 3426 1704 3438 —
1772 3403 1892 3457 182.
1926 3398 2054 3456 Ita
2100 3399 2400 3471 digerit
2432 3398 2701 3466 omina,

406 3464 468 3519 h.
506 3481 556 3518 e.
586 3464 671 3528 ‚ita
705 3464 931 3534 omina,
990 3476 1238 3521 monstra
1286 3484 1346 3522 v.
1375 3474 1546 3534 171.,.
1579 3469 1640 3522 h.
1677 3486 1728 3522 e.
1782 3478 2030 3535 ostenta,
2081 3467 2410 3539 digerit,
2467 3467 2702 3535 ordinat,

406 3532 799 3602 interpretatur
853 3531 1105 3587 Calchas.
1175 3533 1268 3588 Sic
1312 3536 1541 3590 Servius
1589 3534 2611 3609 quoque'accepisse.videtur.“·H.
2642 3558 2706 3571 -

292 3625 307 3637 ·
408 3601 740 3672 digerit,
793 3618 864 3654 ex
913 3601 1423 3672 ordineldeinceps
1471 3602 1899 3673 interpretatum
1959 3622 2090 3657 narn
2144 3602 2470 3671 dividendi,
2524 3600 2707 3656 distri-

407 3667 624 3722 buendi
661 3679 828 3743 atque
864 3668 936 3722 ita
976 3668 1273 3723 ordinandi
1308 3669 1466 3725 notio
1500 3670 1716 3743 ubique
1754 3672 1917 3726 inest.
1983 3676 2089 3726 Pro
2114 3689 2196 3726 ex
2224 3669 2434 3725 ordine
2465 3685 2707 3724 namra

407 3737 615 3808 legitur
667 3754 725 3791 v.
776 3755 824 3791 r..
879 3736 994 3792 Cic.
1032 3740 1126 3792 Or.
1164 3740 1218 3805 1,
1260 3736 1360 3804 41,
1399 3741 1517 3793 186.
1571 3747 1625 3792 et
1658 3739 1782 3793 Liv.
1811 3742 1891 3806 Π,
1932 3743 2029 3807 21,
2065 3740 2118 3792 4.
2154 3768 2224 3780 --
2293 3741 2412 3793 183.
2450 3741 2706 3806 „Interea

406 3805 705 3872 moniti,
772 3804 1090 3859 Calchantis
1136 3805 1388 3872 monitu,
1450 3805 1682 3859 Palladii
1728 3807 1883 3873 vice,
1956 3826 2069 3881 quo
2116 3815 2276 3876 rapto
2331 3806 2425 3871 [et
2472 3807 2703 3875 polluto,

407 3888 671 3927 numen
719 3874 868 3927 enim
918 3872 1200 3928 laesum
1231 3873 1537 3927 Wunderl.
1580 3874 1651 3928 ad
1689 3873 1904 3928 Tibull.
1931 3877 1985 3942 1,
2022 3880 2087 3943 3,
2121 3877 2208 3930 79.
2255 3885 2404 3927 recte
2440 3874 2706 3940 interpre-

406 3948 555 3993 tatur
596 3941 873 4012 „signum
908 3942 1048 3994 deae
1081 3940 1315 4009 impuris
1348 3941 1613 3996 manibus
1649 3951 2046 3996 contrectatum
2096 3951 2152 3995 et
2185 3940 2619 3996 contaminatum
2637 3936 2703 4002 “1

408 4005 549 4087 deae
594 4007 703 4062 sibi
758 4009 894 4062 iram
947 4006 1290 4078 conflavere,
1338 4008 1407 4062 ad
1456 4009 1804 4081 sacrilegium
1857 4010 2229 4079 expiandum,
2280 4006 2475 4065 hanc
2517 4004 2703 4078 cffi-

401 4089 629 4142 grem,
684 4078 795 4130 hoc
842 4095 873 4130 e
919 4077 975 4130 ui
1021 4077 1275 4144 signum,
1337 4086 1666 4134 statuerunt.
1716 4076 1928 4144 [Piare
1971 4094 2092 4146 pro-
2123 4095 2194 4131 ex
2240 4075 2388 4145 iare,
2442 4086 2504 4130 ut
2548 4087 2707 4144 supra

409 4157 468 4196 v.
505 4142 617 4193 140.
657 4144 823 4198 ovid.
903 4153 1002 4199 ast.
1028 4146 1125 4211 111,
1160 4148 1279 4201 291.
1318 4149 1439 4199 311.
1477 4145 1577 4200 Sil.
1606 4145 1715 4212 lv,
1755 4147 1877 4197 821.
1923 4146 2084 4199 XVII
2232 4147 2276 4197 ”.
2312 4146 2421 4213 aL]
2493 4146 2707 4214 Equum

406 4207 477 4261 ad
515 4211 759 4276 Neptuni
789 4213 1088 4282 religiones
1121 4221 1444 4286 spectasse,
1467 4213 1601 4267 satis
1635 4212 1931 4278 novimum
1981 4184 2121 4287 quid
2156 4212 2405 4269 Achivos
2441 4212 2708 4268 adducere

406 4277 681 4345 potuerit,
745 4287 809 4330 ut
854 4297 1064 4350 equum
1110 4281 1319 4333 Palladi
1367 4290 1784 4348 consecrarent,
1835 4279 2178 4351 ignoramus.
2258 4282 2484 4338 Sinonis
2530 4286 2707 4331 autem

407 4344 569 4397 dolos
606 4343 714 4398 hoc
746 4343 864 4400 sere
897 4348 1068 4403 modo
1103 4349 1466 4404 concinnatos
1503 4365 1625 4402 esse
1660 4356 1824 4417 puta:
1875 4348 2126 4404 Achivos
2169 4347 2248 4402 ait
2282 4349 2532 4404 fraudem
2568 4346 2707 4398 hanc
2738 4342 2747 4358 '

406 4412 763 4468 machinatos
802 4432 956 4482 esse,
1020 4427 1082 4471 ut
1128 4417 1357 4474 Troiani
1417 4415 1671 4474 vicissim
1728 4416 1799 4472 ad
1846 4416 2204 4490 sacrilegium
2257 4411 2708 4475 committendum
