2870 4981
358 268 361 271 ·
412 331 551 397 232
1138 324 1221 401 Ρ.
1251 320 1600 392 unctui
1640 319 2010 388 maome

415 516 710 599 Supplicia
752 515 978 579 erubuit
994 565 1011 595 ,
1053 534 1381 597 corpusque
1420 532 1727 595 exsangue
1764 496 2030 596 sepulcro

413 602 686 667 Reddidit
724 601 1073 664 Hectoreum
1091 649 1109 679 ,
1153 620 1358 681 meque
1400 599 1464 661 in
1504 619 1638 660 mea
1675 618 1862 679 regua
1900 593 2151 691 remisit.

408 688 520 763 Sic
560 687 718 749 fatus
758 687 986 768 senior,
1030 685 1325 767 telumque
1365 683 1768 747 imbelle-‘eine
1810 683 1930 747 ictu

411 846 700 903 redditum
746 845 967 901 Priamo
1031 844 1274 905 cadaver
1317 848 1577 907 Hectoris
1619 850 1685 904 11.
1748 857 1892 904 extr.
1905 845 1951 877 “
1991 844 2082 904 H.
2168 849 2258 902 De
2312 852 2697 910 constructione

415 914 557 971 talis
604 913 669 970 in
712 912 873 970 hoste
903 910 1040 986 fuit
1128 915 1302 999 (cnm
1355 917 1567 991 quibus
1615 914 1805 974 verbis
1847 916 1928 977 ns·
1983 915 2154 971 Ovid·
2202 919 2374 974 Trist·
2411 922 2497 985 V.
2537 928 2600 989 2,
2631 926 2696 978 36.

413 982 607 1054 Saepe
652 998 762 1039 suo
808 980 994 1038 victor
1092 1000 1183 1038 ms
1228 984 1290 1039 in
1338 983 1499 1040 hoste
1606 986 1672 1041 it.
1724 985 1803 1041 id.
1838 985 2031 1039 Amor.
2066 987 2120 1051 1,
2157 990 2223 1052 7,
2260 987 2348 1042 34.
2427 986 2697 1062 Thydides
2749 996 2750 999 ’

412 1068 622 1106 saevus
666 1050 732 1105 in
774 1048 943 1113 hoste,
966 1047 1122 1121 ficit.
1175 1051 1255 1105 id.
1289 1055 1422 1106 Met.
1458 1057 1481 1106 1
1551 1093 1566 1121 ,
1603 1054 1723 1109 546.
1770 1050 2118 1127 nimiumque
2165 1051 2234 1107 in
2247 1053 2463 1124 pellice
2495 1075 2694 1115 saevae.

414 1119 609 1173 lustin.
661 1121 815 1187 vm,
862 1120 929 1186 6,
971 1123 1026 1196 ⁴3.
1072 1116 1346 1176 scelestus
1390 1119 1457 1175 in
1502 1131 1771 1194 ueroque.
1856 1121 1991 1174 Sall.
2045 1119 2160 1174 Cat.
2195 1124 2263 1190 9,
2311 1129 2363 1176 2.
2414 1123 2479 1177 in
2525 1124 2699 1180 anticio

404 1184 622 1254 fideles
680 1195 870 1243 erant.
920 1184 1062 1240 ibid.
1113 1188 1211 1255 52,
1252 1194 1345 1242 12.
1391 1188 1797 1245 ηάεοήωνάσο
1861 1186 1927 1242 in
1961 1187 2220 1259 furibus
2278 1190 2526 1248 aar-arii.
2580 1191 2696 1248 ibid.

417 1262 514 1322 11,
566 1256 619 1308 4.
682 1252 952 1310 crudelia
1006 1252 1070 1308 in
1116 1253 1338 1311 civibus
1383 1255 1675 1326 facinora
1732 1257 1956 1324 facere.
1983 1256 2190 1324 ,Ovid.
2246 1258 2377 1312 Am.
2429 1262 2506 1326 11,
2555 1262 2621 1327 8,
2657 1265 2696 1317 9.

334 1362 337 1365 -
414 1319 479 1374 in
510 1320 730 1379 ancilla
775 1320 1147 1396 delinquere,
1200 1332 1256 1377 et
1294 1333 1559 1379 sexcenta
1604 1323 1714 1376 alia
1748 1321 2047 1392 exempla)
2134 1334 2313 1379 raeter
2345 1329 2553 1381 multos
2586 1330 2700 1384 alios

420 1389 708 1452 (Gronov.
758 1391 829 1444 ad
876 1388 1072 1444 lustin.
1117 1391 1171 1456 1,
1219 1396 1283 1459 7,
1331 1396 1416 1446 10.
1478 1393 1669 1445 Bnrm.
1718 1401 1774 1446 et
1817 1391 1987 1443 Bach.
2039 1409 2071 1445 a
2160 1394 2294 1446 Met.
2341 1397 2454 1462 1V,
2503 1396 2621 1449 234.
2657 1406 2700 1451 et

417 1459 532 1524 lx,
576 1461 696 1514 274.
759 1458 1024 1513 Oudend.
1078 1458 1292 1513 Heusin
1336 1498 1351 1513 .
1414 1468 1473 1513 et
1528 1457 1716 1513 Moeb.
1781 1457 1854 1512 ad
1914 1457 2074 1513 Caes.
2135 1461 2199 1512 Β.
2261 1463 2329 1515 G.
2382 1465 2459 1530 11,
2506 1466 2608 1532 82,
2656 1472 2695 1519 2.

415 1527 720 1581 Ruhnken.
768 1526 839 1580 ad
889 1529 1022 1580 Ter.
1073 1526 1219 1578 Eun.
1256 1474 1352 1594 uf,
1401 1529 1465 1592 5,
1521 1531 1606 1582 19.
1672 1527 2032 1606 eundemque
2079 1529 2149 1581 ad
2204 1528 2347 1581 Vell.
2393 1533 2509 1584 Pat.
2544 1532 2599 1597 1,
2633 1534 2700 1588 43.

415 1593 670 1651 Broukh.
716 1604 774 1649 et
812 1594 983 1649 Bach.
1031 1595 1103 1647 ad
1154 1592 1370 1649 Tibult.
1404 1597 1609 1661 111‚·6,
1648 1598 1732 1650 19.
1778 1592 2077 1648 Heindorf.
2126 1595 2195 1649 ad
2232 1599 2369 1650 Hor.
2408 1599 2519 1651 Sat.
2540 1600 2607 1666 Ἰ,
2645 1602 2697 1668 4,

414 1660 505 1717 49.
540 1663 813 1734 Heusing.
848 1672 904 1717 et
941 1662 1122 1716 Beier.
1159 1663 1228 1715 ad
1267 1663 1382 1717 Cic.
1422 1662 1529 1717 Off.
1563 1665 1640 1730 11,
1681 1666 1763 1716 18.
1797 1661 1878 1715 in.
1915 1660 2076 1719 hunc
2106 1664 2271 1716 etiam
2305 1665 2375 1717 ad
2419 1664 2534 1719 Cic.
2568 1670 2701 1722 Lael.

421 1735 517 1798 12,
564 1732 654 1785 42.
713 1734 899 1784 Brem.
952 1739 1010 1784 et
1061 1729 1280 1783 Daehn.
1328 1732 1400 1784 ad
1449 1733 1588 1801 Nep.
1635 1730 1806 1784 Dion.
1854 1731 1919 1797 6,
1955 1736 2007 1783 2.
2073 1733 2298 1802 Rupert.
2350 1733 2421 1785 ad
2474 1734 2594 1788 Liv.
2638 1739 2698 1802 11,

419 1798 513 1864 14,
541 1806 594 1852 2.
634 1799 905 1853 Giinther.
941 1798 1012 1857 ad
1047 1800 1188 1866 Nep.
1227 1799 1509 1878 Eunu-13,
1547 1804 1602 1851 2.
1650 1800 1923 1877 Goerenz.
1956 1797 2024 1879 in·
2049 1798 2228 1852 Iahnii
2266 1799 2524 1869 Annall.,
2559 1803 2698 1872 phili.

413 1867 793 2013 &effigi-⁶22?
819 1867 1114 2012 fizffiazff‘ss·
1132 1862 1746 2012 ⁵2¹³}.³‘21-i·÷.322¹20‘1¹;.
1763 1863 2701 2004 {fflassfaiiffffissslzazzeezfft

414 2010 689 2055 ratissime
737 2002 1041 2070 disputavit
1073 2003 1250 2052 Kritz.
1298 2002 1367 2054 ad
1407 2003 1542 2055 Sall.
1589 2000 1707 2054 Cat.
1756 2004 1825 2068 9,
1862 2007 1947 2068 2.,
2000 2001 2097 2072 qui
2144 2002 2309 2056 docet
2354 2021 2525 2070 „non
2568 2005 2699 2060 idem

378 2088 383 2099 ¹
416 2084 541 2122 esse
575 2086 630 2123 v.
668 2086 716 2122 c.
769 2087 1031 2135 saevum,
1086 2066 1313 2121 fidelem
1348 2086 1471 2123 esse
1523 2068 1580 2122 in
1617 2068 1809 2142 aliquo
1845 2069 1996 2123 enin
2034 2069 2313 2142 aliquem,
2361 2088 2546 2144 neque
2577 2074 2702 2128 duos
2797 2118 2800 2145 4

414 2151 576 2191 casus
608 2138 909 2207 permutari
948 2153 1113 2206 posse
1136 2174 1151 2203 ,
1185 2137 1325 2208 quin
1359 2135 1641 2206 cogitandi
1677 2136 1818 2190 ratio
1851 2146 2125 2204 mutetur,
2164 2147 2217 2190 et
2252 2138 2534 2208 duplicem
2566 2141 2702 2195 illam

426 2205 727 2259 accusativi
776 2216 830 2259 et
875 2203 1109 2259 ablativi
1153 2208 1622 2258 constructionem
1668 2212 1788 2257 tum
1836 2214 2048 2260 tantum
2099 2204 2298 2272 licere,
2356 2204 2453 2259 ubi
2488 2206 2699 2262 verbum

420 2272 632 2342 duplici
668 2275 839 2328 modo
873 2271 1047 2343 possit
1080 2271 1341 2343 cogitari,
1381 2281 1478 2326 aut
1507 2271 1580 2325 ita
1607 2280 1668 2325 ut
1695 2289 1796 2342 per
1819 2271 1882 2325 in
1909 2272 2379 2342 praepositionem
2411 2276 2701 2330 accusativo

419 2339 667 2395 iunctam
716 2359 845 2396 cum
904 2339 1126 2394 obiecto
1185 2340 1378 2413 aliquo
1420 2341 1728 2407 coalescat,
1791 2357 1940 2412 quae
1984 2340 2234 2411 vulgaris
2278 2341 2352 2395 sit
2393 2344 2562 2410 ratio,
2621 2353 2701 2397 aut

420 2404 710 2476 absolute,
763 2410 838 2463 ita
873 2417 934 2462 ut
968 2408 1083 2463 vim
1118 2424 1276 2462 suam
1311 2425 1428 2461 non
1480 2407 1539 2460 in
1572 2406 1853 2461 obiectum
1888 2418 2136 2473 exserat,
2186 2409 2286 2461 sed
2322 2425 2426 2477 per
2455 2429 2516 2465 se
2549 2427 2700 2482 gene·
2733 2454 2745 2470 .

419 2476 522 2528 rali
575 2495 744 2533 sensu
799 2477 1040 2549 positum
1089 2475 1281 2530 addito
1330 2474 1574 2530 ablativo
1638 2493 1767 2529 cum
1823 2474 1887 2529 in
1941 2474 2357 2547 praepositione
2422 2479 2701 2535 accuratius

419 2543 749 2614 definiatur,
795 2546 1007 2620 quippe
1059 2561 1172 2616 quo
1220 2561 1307 2598 res
1340 2544 1438 2598 illa
1471 2543 1839 2613 significetur,
1890 2542 1954 2596 in
1990 2562 2099 2617 qua
2136 2544 2390 2598 absoluta
2421 2545 2549 2601 ‘eius
2578 2548 2698 2602 actio

418 2615 704 2678 versetur,
731 2624 796 2676 ,et
831 2631 976 2687 qnae
1009 2610 1212 2667 actioni
1246 2629 1497 2665 caussam
1534 2621 1628 2667 aut
1660 2610 1937 2681 originem
1971 2610 2307 2681 praebuerit.
2324 2612 2363 2641 “
2434 2615 2527 2668 Si‘o
2559 2615 2700 2687 igitur

419 2678 560 2733 iulis
592 2679 653 2732 θη
689 2680 905 2736 hostem
922 2679 1094 2751 fuit,
1131 2680 1282 2750 quod
1320 2689 1468 2733 arcte
1504 2675 1796 2745 cohaeret,
1834 2689 1890 2733 et
1923 2678 1982 2733 in
2020 2698 2135 2752 quo
2173 2681 2696 2763 niagis·sub‘iecti

420 2765 590 2827 quam
625 2748 828 2803 obiecti
875 2749 1028 2802 notio
1060 2756 1367 2815 spectatur,
1416 2746 1602 2800 differt
1644 2745 1979 2816 cogitatione
2024 2764 2055 2799 a
2103 2745 2243 2801 talis
2275 2766 2339 2801 m
2371 2747 2531 2804 hoste
2550 2750 2693 2821 ficit,

421 2834 461 2870 ι.
498 2834 548 2867 e.
585 2817 819 2872 omnino
867 2815 1006 2870 talis
1026 2816 1161 2886 fuit
1201 2813 1535 2881 (absolute)
1575 2840 1639 2852 -
1678 2824 1732 2867 et
1761 2815 2012 2895 'quidem
2060 2814 2124 2868 in
2167 2813 2363 2884 hoste,
2413 2819 2452 2871 i.
2489 2835 2537 2872 e.
2568 2819 2697 2890 quod
2801 2833 2804 2872 4

424 2883 620 2937 attinet
654 2887 723 2938 ad
759 2887 976 2940 hostem
1015 2904 1058 2938 s.
1099 2893 1353 2951 respectu
1392 2882 1595 2947 hostis3
1647 2881 1711 2935 in
1758 2899 1883 2951 ipso
1917 2882 2078 2935 hoste
2117 2882 2169 2936 ei
2208 2881 2446 2952 dabatur
2480 2885 2693 2948 occasio,

421 2954 628 3033 talemu,
663 2953 846 3027 qualis
882 2952 1115 3007 omnino
1149 2959 1300 3016 erat,
1349 2967 1410 3004 se
1445 2950 1710 3020 gerendi3
1761 2948 1858 3002 ubi
1898 2948 2178 3003 obiecti
2220 2952 2510 3005 notionem
2548 2952 2695 3022 magis

421 3036 601 3089 premi
653 3022 1008 3076 manifestum
1055 3027 1157 3074 est.
1226 3019 1506 3091 Ideoque,
1554 3017 1675 3071 sive
1710 3016 2021 3085 ablativus,
2067 3016 2190 3071 sive
2230 3020 2574 3088 accusativus
2608 3037 2697 3089 po·
2799 3041 2804 3066 ⁴

388 3087 600 3155 πίων,
652 3108 742 3145 res
789 3091 908 3160 ipsa
956 3088 1187 3161 quidem
1226 3104 1343 3139 non
1392 3095 1660 3151 mutatur,
1715 3085 1813 3139 sed
1848 3086 2008 3138 aliter
2041 3091 2228 3139 tamen
2269 3087 2506 3157 cogitata
2541 3096 2704 3141 mento

420 3157 753 3224 concipitur.
786 3184 855 3198 --
911 3156 1158 3225 „iura
1190 3154 1439 3226 fidem
1508 3171 1591 3207 ue
1629 3152 2047 3223 supplicis,
2100 3159 2158 3205 τὸ
2207 3147 2340 3207 Senon
2374 3159 2460 3221 τῆς
2492 3153 2696 3220 ἱκετείας,

421 3226 769 3277 sanctitatem
807 3224 1108 3294 supplicis3
1164 3231 1307 3277 nam
1345 3223 1416 3274 de
1483 3223 1569 3275 ‘de
1619 3222 1841 3293 proprie
1878 3220 2024 3274 dicta
2062 3229 2118 3274 et
2149 3222 2391 3291 supplici
2428 3224 2550 3290 data
2583 3223 2633 3276 h.
2664 3223 2696 3274 Ι.
2803 3255 2806 3278 ι

417 3288 506 3356 agi
559 3291 770 3363 nequit.
859 3294 969 3345 Sed
1029 3293 1269 3361 supplex
1324 3288 1388 3343 in
1425 3289 1612 3356 fidem
1655 3287 1944 3355 alicuius,
2014 3287 2071 3341 h.
2118 3306 2169 3341 e.
2219 3292 2479 3358 tutelam,
2539 3289 2697 3355 venit,

422 3358 717 3412 committit
765 3377 826 3414 se
874 3358 1004 3410 fidei
1071 3369 1126 3411 et
1172 3356 1434 3428 religioni
1494 3356 1645 3422 eius,
1697 3356 1787 3409 cui
1834 3358 2071 3425 supplex
2118 3357 2293 3410 factus
2330 3369 2438 3425 est3
2492 3357 2701 3411 debetur
2785 3419 2788 3420 ⁷

420 3421 590 3494 igitur
622 3426 674 3477 ei
714 3425 1066 3480 incolumitas
1099 3443 1171 3478 ex
1205 3442 1269 3477 ea
1304 3424 1415 3477 fide
1448 3442 1547 3478 seu
1584 3424 1888 3494 religione,
1920 3442 2090 3494 quam
2125 3425 2369 3479 revereri
2406 3435 2616 3480 tenetur
2645 3425 2698 3490 is,

419 3492 514 3544 cui
565 3494 691 3565 quis
734 3494 973 3564 supplex
1020 3492 1109 3546 sit.
1178 3496 1255 3545 Ita
1287 3492 1538 3546 Achilles
1584 3492 1857 3545 reveritus
1894 3500 2011 3557 est,
2057 3491 2408 3560 erubuit,
2457 3493 2551 3548 ius
2580 3510 2716 3561 sup,

411 3557 594 3632 plicis
623 3572 677 3615 et
699 3562 920 3630 fidem,
960 3560 1288 3629 religionem
1326 3564 1410 3625 τῆς
1442 3557 1697 3620 ἵκετείαςέ*
1727 3559 1812 3613 Η.
1877 3562 2069 3623 Burm.
2106 3559 2211 3611 hos
2244 3562 2400 3615 locos
2427 3566 2702 3630 comparat,
2792 3585 2803 3596 ·

428 3627 528 3682 ubi
565 3628 703 3685 iura
724 3639 779 3683 et
800 3629 960 3696 fides
994 3634 1188 3681 eadem
1216 3626 1427 3680 ratione
1452 3627 1903 3696 coniunguntur:
1943 3625 2110 3680 ovid.
2138 3630 2270 3680 Her.
2296 3631 2362 3693 11,
2390 3634 2476 3683 31.
2516 3631 2701 3681 Lucan.

337 3716 385 3744 ,ι
425 3698 580 3765 Vm,
617 3700 736 3753 450.
788 3702 922 3751 Stat.
961 3696 1170 3750 Achill.
1207 3699 1261 3762 1,
1297 3696 1418 3748 404.
1454 3723 1526 3737 —-
1566 3694 1790 3763 fides
1834 3692 2260 3764 supplicis,
2316 3694 2353 3748 i.
2392 3714 2441 3749 e.
2489 3690 2702 3764 supplici

421 3770 769 3836 praestanda.
841 3763 927 3818 Cf.
962 3765 1171 3817 adnott.
1205 3765 1274 3816 ad
1312 3762 1455 3816 Aen.
1484 3765 1534 3828 1,
1568 3763 1689 3815 462.
1724 3771 1779 3815 et
1811 3780 1976 3828 supra
2015 3762 2083 3813 ad
2123 3779 2178 3815 v.
2212 3765 2333 3816 413.
2370 3790 2440 3806 --
2469 3763 2703 3817 ceterum
2805 3783 2809 3812 ι

419 3833 778 3890 Erubescere
820 3831 907 3888 ali·
945 3831 1049 3885 αἰεὶ
1111 3831 1352 3903 legimus
1410 3831 1578 3883 etiam
1630 3833 1793 3898 Prop.
1842 3833 1938 3896 lll,
1996 3835 2061 3882 12
2112 3829 2285 3898 (14),
2337 3835 2423 3885 20.
2509 3827 2703 3885 Heleno

421 3915 631 3970 capere
699 3920 869 3958 arma
964 3909 1131 3954 erint·
1141 3938 1165 3967 ,
1228 3915 1333 3953 nec
1360 3900 1601 3968 fratres
1647 3898 1945 3952 ericbuisse
1991 3900 2150 3952 deos.
2234 3900 2367 3951 Sen.
2419 3897 2588 3969 Epist.
2630 3896 2701 3950 95.
2807 3921 2808 3972 3

426 3964 855 4026 Grammaticus
903 3986 1020 4024 non
1080 3966 1361 4022 erubescit
1417 3963 1844 4033 soloecismum,
1906 3960 2075 4025 alibiz,
2135 3982 2308 4036 quare
2366 3969 2533 4020 etiam
2593 3978 2703 4016 cum

421 4032 701 4092 infinitivo
746 4037 1114 4102 construitur,
1165 4036 1335 4088 veluti
1387 4033 1540 4086 Curt.
1578 4035 1656 4100 V,
1691 4034 1744 4086 4.
1814 4034 1960 4088 Rex
2003 4031 2292 4086 dimittere
2335 4032 2542 4089 ”tilius
2570 4031 2701 4084 inse-

411 4099 621 4172 pultos
669 4103 1054 4161 erubescebat.
1133 4104 1252 4156 Val.
1288 4105 1439 4155 Max.
1478 4102 1552 4153 VI
1568 4141 1583 4168 ,
1624 4109 1675 4154 2.
1726 4110 1838 4154 ext.
1930 4099 2075 4154 Tam
2106 4101 2375 4182 facetam
2418 4097 2704 4156 audaciam

243 4177 253 4190 “
305 4193 308 4197 “
418 4166 748 4241 Dionysius
793 4171 1012 4243 pemire
1063 4169 1314 4226 erubuit.
1387 4168 1472 4221 cf.
1509 4171 1699 4222 Burm.
1731 4170 1806 4221 ad
1844 4168 2011 4222 Ovid.
2047 4166 2192 4221 Ibin.
2229 4184 2288 4220 v.
2322 4171 2442 4223 352.
2494 4177 2545 4220 et
2577 4176 2701 4240 quae

421 4237 494 4289 de
526 4236 715 4293 verbis
747 4239 980 4294 intrans.
1017 4256 1157 4300 cum-
1180 4238 1496 4291 accusativo
1529 4236 1860 4290 constructis
1893 4237 1963 4289 ad
1998 4240 2021 4288 l
2040 4275 2057 4303 ,
2090 4238 2179 4289 67.
2213 4235 2612 4290 adnotavimus.
2643 4254 2703 4271 -

417 4303 568 4373 „in
612 4313 764 4361 mea
806 4324 1086 4377 regna,
1130 4308 1199 4359 in
1245 4306 1474 4375 regiam.
1545 4307 1778 4359 Secutus
1828 4314 1918 4357 est¹
1957 4313 2209 4358 nostrum
2256 4305 2474 4359 Seneca
2516 4295 2701 4356 Troad.

422 4375 574 4428 1106.
642 4375 879 4455 [sponte
898 4374 1171 4430 ‘desiluit
1232 4392 1346 4427 sua
1409 4371 1474 4425 in
1532 4371 1722 4427 media
1780 4370 2016 4426 Priami
2071 4373 2316 4440 regum]
2382 4401 2452 4415 -
2528 4367 2704 4423 544-

360 4513 365 4518 ι
418 4441 538 4501 649.
571 4440 752 4501 Sane
787 4428 980 4511 defu,
1040 4431 1198 4516 quod
1246 4444 1457 4498 vulnus
1507 4458 1626 4498 non
1673 4440 1908 4510 faceret,
1955 4453 2073 4496 non
2130 4449 2473 4511 penetrarem
2514 4435 2606 4494 sed
2636 4427 2701 4484 ab
2809 4481 2812 4530 ἑ
