2870 4981
320 316 326 329 ·
397 301 488 376 64
1027 398 1030 402 Α
1122 301 1197 389 1³.
1237 301 1573 369 vmcuu
1597 300 1984 407 'MARoms

399 492 736 557 Tendimus·
764 489 828 553 iu
867 489 1141 569 Latium,
1187 492 1356 553 sedes
1399 489 1500 552 ubi
1535 489 1676 561 fata.
1703 488 1929 570 quietas
2555 489 2709 557 -205

398 580 746 656 Ostendunt.
830 577 959 637 Illic
998 577 1093 638 fas
1137 597 1323 656 regna
1356 578 1670 655 resurgere
1712 574 1954 636 Troiae.

394 665 651 740 Durate,
695 671 753 723 et
789 670 1013 722 vosmet
1054 663 1228 722 rebus
1271 669 1499 722 servate
1541 660 1832 723 secundis,

496 815 507 827 ⁸
567 748 745 809 Talia
788 766 930 807 voce
974 748 1186 824 refert3
1232 747 1501 826 curisque
1543 746 1873 825 ingentibus
1922 762 2098 822 aeger

397 835 578 915 Spem
623 831 778 895 vultu
826 831 1091 908 simulat,
1137 830 1346 909 premit
1387 831 1563 890 altum
1608 832 1779 890 corde
1824 828 2101 890 dolorem.
2231 890 2238 893 ,
2490 903 2496 907 .

398 919 495 982 11Ιί
544 939 608 979 se
651 918 900 997 praedae
937 915 1250 994 accingunt
1287 915 1644 1001 dapihusque
1685 912 1935 975 futuris:
2586 910 2711 980 210

401 1000 674 1084 Tergora
714 996 994 1081 diripiunt
1037 1000 1229 1062 costis
1255 1009 1312 1061 et
1354 998 1585 1062 viscera
1625 1001 1881 1078 nudant3

399 1243 642 1295 Possunt
667 1242 871 1299 tamen!
885 1251 982 1289 res
1014 1250 1116 1304 pro
1142 1230 1314 1288 rebus
1350 1232 1633 1301 adversis,
1668 1227 1963 1302 periculis,
2000 1229 2207 1302 accipi,
2247 1243 2312 1298 ut
2338 1252 2394 1290 v.
2427 1235 2585 1292 178.“
2620 1238 2712 1297 H,
2742 1245 2745 1247 “

399 1310 567 1377 „Hoc
603 1304 722 1357 fieri
748 1312 863 1357 non
891 1302 1110 1372 poterit.
1181 1305 1320 1356 Nam
1357 1301 1671 1357 discrimen
1697 1317 1897 1354 rerum
1928 1302 2021 1354 vel
2048 1318 2248 1355 rerum
2282 1303 2531 1359 onmium
2568 1307 2708 1374 (Cic.

401 1377 475 1429 de
512 1374 664 1427 Orat.
692 1375 734 1437 Ι,
766 1374 825 1438 1,“
850 1370 934 1437 3.)
971 1370 1194 1440 proprie
1231 1368 1433 1422 dicitur
1467 1368 1812 1442 discrimen,
1852 1368 1911 1420 in
1947 1370 2099 1440 quod
2151 1387 2239 1424 res
2277 1374 2709 1430 tuaeadductae

399 1442 605 1499 sunt.“
647 1439 762 1500 W.
805 1470 875 1480 —-
940 1441 1061 1492 205.
1110 1436 1512 1493 Tendimus
1544 1436 1622 1489 in
1658 1434 1988 1491 Latium.
2064 1438 2386 1507 „Quae-ras,
2420 1442 2573 1495 unde
2597 1443 2709 1497 iam

398 1521 520 1564 tum
547 1510 768 1562 Aeneas
795 1523 1006 1560 nomen
1031 1523 1212 1560 novae
1237 1505 1387 1559 sedis
1418 1502 1531 1559 sibi
1560 1502 1895 1574 promissae,
1928 1503 2198 1573 Latium,
2237 1506 2497 1562 noverit?
2533 1529 2711 1582 quum

399 1576 636 1631 aliisin
683 1574 823 1628 locis
880 1583 995 1626 tam
1044 1574 1254 1627 incerta
1306 1573 1495 1626 omnia
1548 1573 1597 1625 ei
1648 1580 1851 1626 essent.
1942 1571 2164 1624 Scilicet
2217 1573 2277 1626 in
2324 1575 2462 1630 locis
2515 1578 2711 1634 inseris

395 1643 632 1700 certiora
694 1642 928 1695 edoctus
988 1640 1167 1695 suerat
1215 1643 1324 1708 VI,
1371 1645 1491 1697 891.
1538 1647 1589 1693 2.
1661 1639 1745 1693 Cf.
1806 1656 1971 1708 supra
2015 1642 2275 1703 -Prooerm
2329 1643 2418 1712 [p.
2463 1649 2544 1707 19.
2581 1648 2707 1720 sq.]

396 1723 455 1768 et
489 1713 717 1764 Excurs.
749 1711 878 1762 XV.
932 1710 1002 1762 ad
1054 1712 1186 1761 l.11.
1239 1738 1308 1750 —-
1365 1710 1583 1762 sedes
1629 1707 1759 1762 ubi
1806 1709 1995 1776 fata
2054 1708 2364 1780 quietas
2440 1709 2706 1770 Osten-

399 1783 617 1847 dant,
680 1778 740 1830 h.
794 1794 844 1829 e.
893 1779 1117 1831 oracula
1164 1784 1220 1829 et
1267 1776 1498 1847 auguria
1543 1774 1902 1846 praedicunt,
1951 1777 2300 1842 promittunt.
2388 1777 2712 1839 ostendere

399 1847 624 1919 egregie
670 1844 946 1914 imprimis
1035 1844 1174 1898 oe'tis
1221 1845 1327 1897 hac
1362 1846 1422 1897 in
1457 1862 1517 1897 re
1552 1843 1771 1897 dicitur.
1839 1841 2017 1895 Iidem
2049 1844 2189 1912 fas
2224 1863 2347 1898 esse
2381 1847 2576 1902 dicunt
2612 1868 2709 1919 ea,

399 1933 546 1989 quae
596 1913 722 1966 satis
773 1863 1095 1966 volentigus
1148 1919 1203 1964 'et
1251 1913 1603 1965 oraculorum
1647 1909 1864 1964 monitu
1908 1908 2065 1962 fiunt.
2100 1941 2169 1952 -
2236 1917 2355 1966 207.
2390 1914 2713 1974 Durare

396 2001 503 2056 pro
539 1983 739 2035 durare
772 1998 864 2047 se,
903 1980 1155 2033 animum
1190 1997 1384 2045 suum,
1438 1980 1635 2049 poetae
1673 1977 1947 2047 primum,
2001 1978 2209 2033 deinde
2244 1981 2337 2035 alii
2373 1983 2708 2056 scriptores,

398 2063 464 2108 ut
499 2049 745 2104 Tacitus.
817 2049 1010 2114 Τλῆτε,
1049 2053 1200 2107 φίλοι.
1237 2050 1405 2113 11.11,
1446 2048 1609 2104 299.“
1646 2047 1733 2101 H.
1808 2045 1891 2097 Cf.
1933 2047 2055 2099 val.
2094 2049 2175 2100 ΕΙ.
2207 2052 2248 2116 Ι,
2284 2055 2404 2104 237.
2439 2050 2709 2122 Ingentes

396 2122 615 2174 durate
647 2115 894 2170 animae.
968 2115 1133 2168 Ovid.
1171 2117 1426 2183 Am.111,
1470 2120 1563 2182 11,
1595 2121 1679 2168 27.
1748 2112 1901 2180 His,
1955 2123 2009 2167 et
2059 2122 2209 2187 quae
2241 2126 2436 2187 taceo,
2490 2123 2710 2178 duravi

298 2189 301 2193 ”
395 2204 572 2269 ,ςᾳερο
605 2183 902 2263 ferendis.
977 2187 1108 2266 Ter.
1148 2178 1267 2237 Ad.
1293 2183 1399 2249 IV,
1456 2188 1520 2250 2,
1575 2186 1655 2237 15.
1691 2183 1833 2267 Stat..
1864 2178 2001 2234 silv.
2039 2186 2088 2248 I,
2140 2191 2204 2253 2,
2246 2188 2333 2240 91.
2369 2189 2445 2253 II,
2488 2195 2547 2254 1¹,
2591 2192 2706 2246 141.

395 2258 523 2309 Ltv.
551 2257 639 2318 X,
669 2253 756 2304 46.
787 2269 865 2315 m.
895 2255 1080 2304 XXIII
1144 2255 1235 2318 18,
1264 2255 1348 2304 10.
1375 2259 1479 2304 etc.
1551 2253 1726 2303 Multa
1741 2252 1870 2302 *aha
1907 2252 2164 2319 exempla
2199 2255 2477 2324 congessit
2505 2259 2707 2315 Heius.
2799 2294 2806 2301 -

292 3060 299 3065 ,
395 3010 480 3058 est
514 3000 592 3066 is,
632 2997 743 3071 qui·

394 2324 467 2379 ad
503 2321 603 2375 Sil.
628 2323 692 2386 II,
724 2319 845 2373 463.
879 2349 949 2359 -
1016 2324 1086 2372 20
1122 2357 1137 2372 .
1173 2336 1435 2389 aeger,
1475 2328 1537 2371 ut
1565 2317 1700 2372 alibi
1724 2315 1995 2385 εαυσίτιε,
2030 2316 2370 2375 vulneratus
2405 2332 2460 2375 et
2482 2325 2687 2380 similia

395 2409 432 2446 a
464 2405 698 2459 corpore
747 2404 915 2457 saepe
965 2387 1035 2439 ad
1078 2387 1330 2440 animum
1364 2386 1717 2452 transfertur,
1773 2395 1834 2439 ut
1884 2385 1954 2439 sit
2001 2385 2040 2437 i.
2077 2405 2133 2456 q.
2169 2389 2372 2455 trist'iS,
2425 2369 2707 2465 moestus}

393 2457 545 2515 curis
581 2463 813 2510 vexatus
849 2463 903 2508 et
937 2454 1190 2526 agitatus.
1256 2453 1341 2508 Cf.
1370 2452 1486 2508 Cic.
1518 2472 1600 2524 pr.
1630 2453 1779 2508 Cael.
1807 2455 1858 2518 8,
1894 2454 1975 2507 18.
2014 2453 2230 2510 Medea
2262 2474 2446 2527 aegra
2486 2461 2704 2522 animo.

395 2528 531 2582 Sall.
572 2526 689 2593 Ing.
719 2527 818 2589 71,
855 2524 908 2575 2.
943 2539 1118 2593 aeger
1153 2520 1401 2577 animus.
1472 2526 1649 2575 Plaut.
1688 2522 1917 2592 Epid1.1‚
1957 2527 2007 2590 2,
2044 2526 2129 2575 26.
2170 2541 2346 2595 aeger
2379 2526 2455 2581 ab
2488 2521 2705 2590 animo.

395 2595 606 2657 Liv.1,
647 2594 745 2652 58,
781 2593 834 2645 9.
888 2593 963 2656 11,
1014 2592 1111 2657 36,
1162 2591 1214 2641 4.
1263 2600 1317 2642 et
1374 2587 1511 2643 alibi
1556 2608 1731 2659 aeger
1782 2588 1981 2644 animi.
2027 2595 2236 2658 XXX,
2284 2597 2375 2662 11,
2426 2600 2479 2649 3.
2528 2615 2709 2669 aeger·

394 2677 594 2719 amore
630 2663 734 2711 etc.
798 2656 882 2711 Cs.
917 2656 1082 2710 etiam
1119 2658 1231 2712 loci
1265 2658 1333 2710 ad
1362 2659 1546 2725 Ec1.1,
1588 2665 1669 2711 13.
1705 2656 1935 2727 prolati,
1977 2668 2031 2711 et
2064 2660 2330 2713 Doederl.
2366 2664 2704 2731 Synon.1V.

394 2748 454 2801 p.
490 2732 607 2783 172.
653 2756 723 2768 -
793 2725 1186 2794 „Pa-emit,
1255 2726 1523 2791 occultat,
1592 2736 1653 2778 ut
1715 2742 1901 2794 saepe.
1972 2724 2208 2780 altum
2272 2732 2525 2800 proprie,
2596 2740 2708 2794 alto

393 2796 598 2861 corde,
635 2794 693 2846 h.
726 2811 775 2846 e.
809 2793 1043 2859 intimo,
1080 2798 1176 2847 sed
1216 2793 1378 2846 docte
1411 2795 1577 2862 poeta
1612 2794 1899 2888 epitheton
1923 2795 2195 2850 ,transfert
2230 2798 2301 2849 ad
2338 2798 2680 2859 dolorem

394 2864 499 2938 qui
534 2880 601 2917 eo
637 2861 762 2931 ipso
809 2859 870 2915 fit
896 2860 1134 2915 ⁴intimus
1170 2871 1231 2921 et
1258 2863 1399 2915 altus
1437 2862 1650 2915 dolor.‘
1708 2860 1796 2916 H.
1872 2861 2093 2916 Rectius
2131 2863 2247 2923 IV.
2271 2882 2293 2920 .·
2347 2844 2709 2938 „Epithetofi

393 2932 580 2991 altum
627 2948 746 2983 non
777 2928 1147 2999 repetendum
1181 2928 1251 2983 ab
1288 2937 1412 2981 actu
1440 2927 1782 2998 premendi,
1832 2930 1930 2984 sed
1968 2947 2071 3000 per
2106 2948 2166 2985 se
2213 2932 2421 2988 altus
2475 2936 2707 3002 dolor

807 2997 988 3050 enitus
1026 2996 1261 3065 insedit,
1297 2996 1531 3068 ingens,
1581 2997 1810 3068 gravis„
1860 3001 1995 3050 Tac.
2030 2999 2182 3064 Anu.
2207 3003 2370 3068 XVI,
2404 3005 2492 3057 29.
2544 3006 2707 3064 altus

383 3084 602 3142 pavor.
675 3014 974 3118 Difficilius
1012 3074 1094 3117 est
1119 3063 1302 3119 altum
1325 3066 1580 3117 dolorem
1608 3062 1986 3133 abscondere,
2027 3084 2195 3139 quam
2223 3069 2480 3132 dolorem
2504 3079 2706 3129 occul-

393 3147 512 3191 tare
563 3132 683 3189 alto
730 3134 938 3185 animo.
1007 3132 1116 3185 Cf..
1150 3134 1268 3186 Val.
1306 3134 1389 3185 ΕΙ.
1414 3135 1468 3199 1,
1505 3137 1622 3187 733.
1671 3131 1928 3205 talesque
1961 3145 2312 3204 prementem
2355 3140 2534 3193 corde
2584 3139 2703 3197 51oe-

392 3214 513 3258 ms.
540 3201 590 3231 “
628 3232 697 3243 -
771 3205 891 3264 210.
926 3218 1001 3256 se
1024 3203 1366 3269 praedae
1399 3200 1859 3272 accingunt,
1896 3200 1935 3254 i.
1972 3220 2021 3254 e.
2045 3203 2357 3274 ‘accingunt
2391 3224 2485 3275 se,
2525 3219 2596 3263 ut
2632 3229 2708 3265 ex

391 3270 604 3342 praeda
644 3268 1128 3341 .(cerviscaesis)
1179 3270 1350 3337 dapes
1397 3269 1640 3334 futuras,
1690 3285 1923 3322 coenam
1970 3280 2183 3338 parent.
2220 3301 2291 3312 -—-
2358 3280 2476 3328 211.
2523 3275 2706 3333 Ter.

385 3356 612 3412 gnra,
654 3335 900 3402 corium,
936 3339 1163 3405 pellem.
1216 3338 1300 3389 Cf.
1330 3336 1476 3390 infra
1506 3355 1561 3391 v.
1591 3339 1711 3392 368.
1738 3365 1809 3376 -——-
1846 3335 2267 3407 diripiunt,
2307 3343 2463 3413 quod
2499 3362 2708 3403 omnes

394 3407 574 3461 Codd.
608 3413 823 3476 praeter
848 3417 1027 3465 ‘unum
1052 3406 1309 3457 Rottend.
1347 3422 1458 3459 sec.
1496 3403 1797 3472 exhibent,
1832 3403 1905 3457 ob
1943 3405 2095 3469 hunc
2124 3406 2312 3476 ipsum
2340 3408 2519 3464 Codd.
2559 3413 2709 3468 con-

391 3489 785 3534 sensumcum
820 3471 1014 3525 Iahnio
1050 3473 1286 3526 restitui.
1360 3471 1445 3525 cf.
1491 3473 1702 3526 adnott.
1749 3472 1820 3524 ad
1855 3473 1953 3525 Ge.
1982 3476 2057 3540 H,
2093 3478 2178 3541 8.,
2230 3474 2328 3529 ubi
2365 3478 2534 3532 etiam
2570 3484 2710 3534 lau-

333 3562 336 3565 ’
387 3543 527 3598 dare
574 3550 824 3611 poteram
870 3539 1038 3591 Bach.
1099 3540 1166 3593 ad
1218 3540 1386 3595 Ovid.
1433 3543 1566 3593 Met.
1613 3543 1711 3607 III,
1760 3543 1844 3594 52.
1934 3539 2201 3612 Tegimen
2264 3543 2500 3615 direpta
2544 3546 2709 3604 leont·

272 3605 302 3677 ⁷,
386 3607 582 3667 ,Pollis
618 3599 823 3673 erat.)
879 3608 1021 3661 Nolo
1058 3617 1245 3661 tamen
1283 3608 1814 3679 VVagneri,adnot.,
1853 3608 1949 3680 qui
1985 3626 2116 3662 cum
2149 3613 2347 3667 ceteris
2383 3614 2708 3673 editoribus

387 3677 613 3732 Heinsii
638 3674 1091 3730 emendationem
1109 3716 1126 3744 ,
1152 3674 1451 3744 deripiunt
1461 3676 1762 3744 ,sservavit
1777 3715 1792 3741 ,
1816 3675 2135 3747 legentibus
2161 3677 2445 3733 invidere:
2485 3686 2708 3750 „Bach.

390 3745 465 3799 ad
501 3744 802 3811 Tibu11.l,
839 3749 904 3811 2,
942 3743 1027 3797 84.
1101 3748 1152 3812 3,
1171 3782 1221 3811 „
1238 3741 1452 3812 Dizfv‘pz‘
1502 3743 1762 3797 dicuntur
1796 3762 1914 3811 res,
1965 3744 2171 3816 inquit,
2223 3765 2370 3819 quae
2408 3768 2528 3805 non
2567 3761 2710 3806 tan·-

389 3821 511 3868 tum
543 3811 621 3865 ab⁴
655 3812 776 3867 aliis
812 3820 1166 3881 separantur,
1216 3813 1314 3865 sed
1365 3810 1531 3863 etiam
1581 3810 1643 3864 in
1693 3821 1874 3881 partes
1911 3812 2141 3867 distrahi
2171 3824 2226 3867 et
2262 3816 2519 3887 dissipari
2559 3837 2707 3889 pos-

390 3880 646 3937 sunt.““
716 3882 1000 3934 Hactenus
1035 3878 1216 3944 bene3
1272 3880 1369 3932 sed
1413 3877 1566 3951 quod
1602 3890 1792 3933 nostro
1823 3884 1949 3935 loco
1990 3879 2279 3959 divp‘piunt
2310 3889 2709 3941 revocandum

302 3991 309 3996 .
389 3955 610 4014 censet,
661 3947 720 4002 id
755 3948 935 4002 nolim
971 3945 1194 4016 probari
1228 3946 1443 4000 Iahnio.
1507 3947 1897 4017 ,Amplecterer
1937 3948 2048 4002 hoc
2083 3966 2234 4018 ipse,
2284 3951 2336 4006 si
2365 3970 2484 4008 non
2517 3954 2707 4010 costis

290 4025 299 4032 ‘
387 4014 670 4072 adiectum
690 4026 868 4072 esset.
942 4016 1018 4068 At
1067 4013 1279 4067 librarii
1327 4014 1403 4066 ita
1452 4012 1649 4070 crebro
1700 4017 1775 4069 de
1806 4016 1967 4069 -—‡in
2004 4015 2170 4081 di—
2216 4010 2434 4074 ‘mutare
2478 4024 2707 4090 solent,

385 4091 453 4140 ut
485 4082 631 4135 nihil
664 4084 867 4136 mirum
904 4082 1005 4150 sit,
1041 4082 1087 4137 si
1123 4083 1403 4134 interdum
1440 4100 1635 4137 omnes
1660 4084 1825 4137 codd.
1862 4082 1924 4138 in
1957 4084 2097 4138 illud
2128 4085 2707 4159 vitium'conspirent,

386 4159 453 4204 ut
487 4148 768 4224 infra-IV,
807 4156 959 4215 593.;
998 4152 1068 4204 cf.
1107 4151 1269 4214 etiam
1308 4158 1444 4203 nott.
1482 4151 1552 4203 ad
1590 4152 1688 4203 Ge.
1714 4151 1790 4217 11,
1826 4155 1878 4206 8.
1915 4153 2058 4205 Aen.
2085 4157 2318 4221 Π,Ὶ398.
2353 4155 2559 4210 Contra
2593 4161 2705 4227 111,

385 4220 542 4284 419„
579 4217 708 4272 licet
737 4220 902 4289 longe
938 4217 1164 4288 plurimi
1204 4217 1368 4269 codd.
1408 4234 1536 4271 cum
1575 4218 1697 4287 ipso
1714 4221 1863 4271 Med.
1900 4221 2183 4276 deductas
2216 4232 2507 4292 tueantur,
2541 4234 2708 4281 recte

387 4285 577 4340 editur
609 4284 913 4355 diductas3
963 4297 1018 4339 et
1053 4289 1163 4351 XI,
1202 4285 1318 4339 654.
1357 4284 1599 4355 dirffi,
1645 4284 1745 4338 ubi
1783 4287 1997 4358 ᾱωῆἕήὶί
2029 4290 2178 4343 Med.
2230 4301 2285 4354 et
2321 4296 2479 4345 Rom.
2518 4323 2553 4333 -
2589 4324 2631 4334 -
2668 4323 2708 4336 -

301 4379 335 4418 ‚¹
385 4356 487 4408 Est
521 4352 813 4425 videlicet,
868 4352 965 4407 ubi
1008 4354 1114 4412 soli
1149 4352 1380 4418 rationi,
1419 4372 1535 4407 non
1566 4352 1728 4409 libris
1762 4372 1927 4421 mss.,
1976 4354 2511 4441 obtemperandum,
2565 4378 2710 4414 ma-

382 4421 541 4480 xime
572 4430 771 4507 autem
804 4420 867 4478 in
903 4421 1219 4495 deligendis
1252 4420 1445 4480 verbis
1476 4439 1510 4476 a
1544 4428 1827 4495 praeposs.
1862 4424 1938 4484 de
1968 4427 2063 4483 vel
2111 4424 2179 4484 de.
2199 4425 2712 4502 ,incipientibugfssff
2733 4431 2748 4440 “

2471 4731 2485 4762 Χ
