2870 4981
998 294 1412 362 AENEmOS
1476 297 1631 364 Lm.
1672 300 1722 365 1.
2125 274 2130 277 ⁴
2301 360 2314 367 ,
2433 314 2523 379 83

80 494 159 583 {³4
245 492 555 571 partiturae,
600 442 692 549 vel
740 483 936 566 qualis
980 505 1163 566 equos
1205 484 1497 549 Threissa
1537 485 1753 569 fatigat

252 572 529 665 arpalyce
563 570 967 649 volucremque
1008 571 1155 652 suga
1197 572 1586 651 praevertitur
1625 574 1911 641 flebnun.

185 672 679 709 ——AEa--4-

182 754 417 811 ‘Deinde
450 748 840 824 repetitionem
881 751 1260 822 admiserunt,
1294 763 1361 810 ut
1392 770 1555 821 casus
1595 750 1712 810 obli
1796 773 1861 811 os
1893 759 2248 828 pronominis
2280 762 2334 819 is
2367 764 2511 822 vita-

172 824 339 881 rent.
411 822 544 878 Vid.
595 831 710 875 not.
762 822 834 874 ad
869 821 1013 875 Aen.
1048 825 1102 888 1,
1138 822 1262 877 552.
1315 832 1371 878 et
1404 825 1490 891 V,
1525 826 1646 880 281.
1775 841 1844 878 uc
1890 824 2038 879 refer
2084 828 2227 883 Aen.
2265 833 2350 901 V,
2392 837 2509 891 254.

188 891 452 966 Denique
499 906 687 963 neque
736 907 803 942 ea
847 891 1003 957 loca,
1054 890 1114 943 in
1161 887 1371 963 quibus
1422 894 1545 947 sola
1589 893 1929 964 negligentia
1978 892 2127 948 hanc
2158 888 2513 958 'iterationem

189 958 405 1025 attulit,
452 967 642 1012 contra
691 956 859 1013 codd.
906 957 1178 1012 mutanda
1214 968 1378 1014 sunt.
1452 961 1614 1027 [Huc
1648 961 1819 1014 refert
1852 962 1957 1015 Vir
1991 962 2218 1019 doctiss.
2252 967 2398 1023 Aen.
2430 974 2479 1024 11

189 1033 311 1083 207.
362 1030 448 1093 Χ,
490 1032 610 1080 777.
661 1029 770 1084 x1,
810 1029 929 1080 173.
980 1031 1067 1092 x,
1107 1030 1223 1080 100.
1276 1028 1430 1094 Vnt,
1483 1028 1634 1095 653„
1679 1028 1779 1082 ubi
1827 1026 1947 1084 vid.
1995 1031 2244 1100 adnutu]
2315 1010 2509 1094 Mirari

188 1107 377 1151 autem
428 1094 561 1147 licet
606 1094 903 1160 Bothium,
971 1093 1070 1167 qui
1118 1094 1515 1163 particularum
1567 1096 1958 1167 repetitionem
2006 1107 2245 1167 sectatus
2292 1113 2405 1173 est,
2455 1117 2514 1162 et

172 1166 334 1237 spen.
369 1163 449 1228 V,
485 1165 603 1216 810.
636 1164 735 1227 lx,
768 1165 890 1216 812.
923 1166 1010 1228 X,
1045 1166 1167 1216 322.
1205 1164 1468 1217 correxit.
1536 1166 1801 1219 Summae
1835 1173 2022 1220 autem
2060 1167 2385 1226 temeritatis
2423 1173 2509 1229 rei

166 1256 175 1303 ,f
202 1242 211 1245 *
296 1239 350 1297 t,
391 1230 489 1303 qui
523 1228 872 1297 repetitionis
906 1231 1282 1284 removendae
1317 1249 1485 1287 cansa
1510 1241 1654 1287 totos
1683 1249 1878 1287 versus
1911 1236 2039 1290 loco
2077 1252 2182 1288 suo
2209 1252 2510 1297 moverunt

154 1304 177 1363 s
329 1334 345 1351 .
394 1299 465 1351 ad
518 1299 633 1349 Ecl.
666 1298 773 1363 VI,
811 1298 936 1363 61.)
972 1308 1089 1352 'aut
1137 1316 1170 1352 e
1218 1307 1373 1353 textu
1412 1300 1699 1357 eiecerunt
1736 1300 1893 1366 (vid.
1930 1303 2000 1356 ad
2037 1303 2136 1355 Ge.
2167 1306 2246 1364 11.
2288 1311 2404 1360 125.
2452 1318 2510 1365 et

170 1388 173 1389 ⁷
260 1366 440 1421 ‘'Aen.
466 1367 617 1432 VIII,
654 1365 812 1430 283.)
882 1367 1123 1420 Temere
1166 1365 1334 1419 etiam
1386 1367 1448 1421 in
1485 1367 1636 1421 hunc
1659 1385 1901 1422 censum
1939 1367 2308 1436 vacarunt'ea
2343 1375 2463 1429 loca

130 1458 139 1465 ·
178 1448 179 1451 ’
272 1464 293 1497 ¹„
326 1432 493 1488 uibus
543 1442 636 1486 aut
686 1434 799 1488 duo
848 1432 1125 1488 vocabula
1172 1435 1525 1514 propinquae
1574 1435 1995 1506 significationis
2035 1437 2331 1495 coniuncta
2370 1417 2504 1499 sunt

339 1540 357 1556 .
399 1501 467 1553 ad
522 1501 663 1553 Aen.
714 1502 822 1567 Vl,
875 1501 1069 1566 310.),
1136 1511 1231 1555 aut
1280 1502 1482 1557 similis
1517 1504 1789 1556 sententia
1836 1514 2063 1558 ornatus
2109 1521 2276 1561 causa
2326 1510 2501 1579 priori

172 1594 175 1597 ·
300 1624 303 1629 ,
335 1569 515 1624 ctitur.
587 1567 714 1621 Vid.
753 1570 820 1620 ad
858 1569 1007 1621 Aen.
1044 1570 1195 1635 vm,
1233 1571 1353 1623 677.
1373 1570 1408 1597 “
1483 1573 1598 1623 Hac
1633 1570 1879 1641 generali
1920 1571 2296 1641 disputatione
2333 1594 2496 1644 prae-

94 1639 111 1646 ‘
142 1646 151 1667 *
202 1637 356 1705 ,issa
380 1633 693 1690 adscribam
725 1634 1029 1705 Wagneri
1049 1637 1119 1689 ad
1141 1636 1294 1690 hunc
1315 1639 1504 1690 locum
1528 1638 1982 1692 adnotationem:
2011 1640 2275 1709 „Duplici
2305 1645 2476 1699 modo

162 1704 531 1779 eiiiqttitsthic
567 1713 809 1782 erratur,
866 1721 1013 1770 un0,
1064 1705 1215 1776 quod
1253 1706 1511 1783 repetitio
1547 1722 1671 1767 voc.
1707 1704 1952 1776 virginis
1985 1706 2184 1761 vitiosa
2220 1684 2496 1779 habetur:

166 1776 391 1840 altero,
442 1772 626 1844 quod,
685 1790 785 1844 qur
837 1770 1180 1825 defendendi
1227 1774 1423 1841 poetae
1475 1782 1656 1842 partes
1704 1783 2102 1842 susceperunt,
2153 1776 2498 1835 alienissima

175 1839 248 1898 ab
285 1841 349 1894 h.
368 1841 434 1912 ⁶l.
468 1838 734 1910 repetitae
766 1836 922 1893 vocis
957 1837 1209 1893 eiusdem
1249 1841 1511 1909 exempla
1545 1842 1863 1893 attulerunt.
1933 1840 2386 1898 waardenburo.
2433 1848 2496 1903 in

168 1912 394 1982 Opusc.
438 1917 573 1963 orat.
608 1908 740 1975 poe’t
774 1907 893 1960 crit.
930 1923 985 1976 p.
1016 1909 1132 1963 196.
1171 1908 1242 1961 ‘ta
1277 1907 1639 1962 scribendum
1683 1917 1867 1977 putat:
1923 1906 2194 1978 Virginis
2226 1928 2292 1965 os
2324 1886 2492 1968 Kabi-

174 1987 297 2047 ¹⁸¹⁸
381 1993 413 2029 e
453 1991 662 2044 gerens
697 1974 872 2041 Dea,
924 1992 979 2029 v.
1039 1992 1100 2029 a.
1140 1973 1248 2045 Sp.
1324 1976 1383 2029 Si
1432 1975 1570 2048 quid
1615 1975 1674 2029 in
1709 1976 1798 2029 his
1834 1984 1915 2029 est
1950 1977 2098 2042 vitii,
2152 1977 2314 2031 facile
2349 1981 2494 2035 illud

254 2045 270 2059 ⁶
320 2061 412 2096 em
446 2042 795 2109 tollendum,
833 2043 888 2095 id
930 2059 1098 2096 omne
1124 2043 1368 2112 positum
1406 2052 1489 2096 est
1528 2043 1585 2095 in
1614 2043 1732 2113 ipsa
1760 2044 2026 2097 orationis
2064 2046 2490 2115 compositione.

156 2054 344 2255 ΐὲἰ.
362 2110 547 2176 enim,
590 2128 777 2190 'quum
810 2109 1147 2179 Spartanae
1190 2109 1654 2191 viginis-arma
1689 2113 1968 2191 Venerem
2003 2120 2217 2182 gestare
2255 2114 2491 2172 dixisset

160 2218 380 2307 pm&
420 2195 718 2315 ..35:225ss
760 2176 1218 2313 ἓῗᾝῖἓὲἒι.ῗὲῗ“
1230 2176 1937 2316 13333032‘11‘213‘53033‘2221
1969 2195 2174 2313 2323,
2190 2189 2293 2301 ⁸25?
2312 2183 2488 2303 ..33⁶3

160 2318 374 2382 mlon,
429 2313 581 2386 quod
636 2323 721 2367 est
763 2322 889 2382 post
931 2311 1301 2380 Spartanae,
1355 2322 1508 2365 muta
1558 2311 1618 2365 in
1662 2329 1911 2377 comma,
1965 2321 2027 2365 nt
2076 2313 2214 2366 haec
2294 2318 2486 2372 rodeat

164 2381 490 2440 sententia:
543 2380 787 2450 Virginis
836 2399 900 2435 os
937 2378 1306 2452 habitumque
1341 2396 1543 2462 gerens
1594 2388 1647 2432 et
1682 2378 1914 2450 virginis
1953 2385 2152 2446 arma,'
2192 2330 2290 2437 υσῖ
2313 2384 2487 2452 Spar-

164 2459 369 2517 tanae,
422 2451 517 2504 vel
550 2449 844 2504 Thressae.
914 2450 1030 2501 lam
1076 2463 1273 2502 vocem
1311 2446 1555 2519 virginis
1592 2446 1894 2502 iterandam
1934 2446 2026 2501 hic
2059 2448 2262 2516 fuisse,
2312 2467 2382 2505 ex
2417 2469 2487 2509 eo

167 2518 538 2590 intelligitur,
590 2518 775 2591 quod,
824 2514 933 2572 nisi
972 2534 1036 2569 ea
1071 2513 1235 2568 suerit
1268 2515 1496 2582 iterata,
1550 2516 1771 2582 omnia,
1825 2514 1989 2568 etiam
2026 2533 2125 2584 os,
2176 2518 2330 2596 quod
2377 2517 2482 2573 ab·

164 2588 410 2643 surdum
447 2595 559 2653 est,
612 2586 681 2638 ad
720 2587 1018 2655 Spartanae
1069 2586 1163 2636 vel
1199 2582 1476 2637 Thressae
1513 2582 1938 2637 similitudinem
1974 2594 2280 2654 composita
2313 2585 2485 2642 fuisse

163 2654 610 2710 existimandum
661 2653 750 2707 sit.
825 2650 1098 2722 Virginis
1142 2659 1326 2704 autem
1382 2668 1552 2704 arma
1588 2669 1652 2704 ea
1698 2659 1859 2716 sunt,
1912 2668 2057 2722 quae
2101 2653 2306 2723 virgini
2341 2671 2484 2708 con-

163 2722 443 2788 veniunt,
478 2720 802 2792 virginalia,
839 2736 997 2773 arcus
1028 2736 1262 2789 parvus,
1299 2718 1444 2774 levis
1470 2727 1524 2773 et
1556 2717 1845 2785 ειίκαμπῆς,
1884 2737 1996 2790 quo
2031 2729 2239 2789 spectat
2270 2719 2485 2778 habilis

162 2806 352 2863 arcus
384 2805 444 2844 v.
470 2791 589 2842 318.
625 2787 844 2842 Gallim.
881 2790 954 2840 Η.
992 2785 1050 2840 in
1087 2788 1249 2839 Dian.
1288 2804 1343 2839 v.
1372 2790 1424 2841 8.
1461 2804 1546 2861 sq.
1583 2789 1682 2845 Δὸς
1713 2787 1757 2837 δ’
1795 2788 1892 2848 2013,-
1928 2787 2009 2839 καὶ
2045 2786 2191 2845 τόξα·
2229 2784 2286 2843 ἔα
2309 2789 2481 2861 πάτερ·

161 2851 222 2918 ου’
261 2876 322 2910 σε
355 2861 631 2929 &uper-qnia,
679 2855 787 2909 οὔδ’
827 2854 974 2908 αἰτέω
1008 2861 1185 2924 μέγα
1219 2852 1429 2914 τόξον.
1448 2856 1484 2882 “
1554 2857 1708 2926 Quae
1747 2855 2124 2924 Wagneriana
2159 2856 2268 2910 loci
2304 2856 2481 2912 inter-

160 2924 410 2995 pretatio
445 2934 554 2977 tam
581 2923 756 2978 facilis
795 2933 879 2979 est
912 2931 967 2976 et
995 2922 1267 2991 simplex,
1305 2932 1367 2976 ut
1400 2922 1578 2978 cuivis
1614 2921 1839 2993 probari
1876 2920 2094 2975 debeat.
2123 2953 2189 2963 -
2223 2922 2481 2996 qualis

160 3009 402 3066 equos
423 2989 651 3062 fatig
667 3002 780 3060 at,
819 3008 963 3064 quae
1003 2988 1205 3043 insidet
1240 3008 1419 3060 equo,
1458 3007 1604 3062 equo
1643 2990 1885 3052 vehitur.
1941 2986 2173 3059 fatigat
2207 2999 2391 3044 autem
2425 3001 2481 3046 et

144 3058 565 3130 praevertitur
615 3078 730 3116 non
781 3059 910 3113 satis
950 3068 1098 3111 recte
1133 3058 1230 3110 W.
1283 3058 1549 3111 admonet
1597 3076 1697 3128 pro
1715 3055 2006 3127 fatigavit
2060 3065 2112 3109 et
2152 3074 2480 3127 praeversa

156 3136 244 3180 est
286 3127 535 3198 positum
570 3136 710 3181 esse.
782 3129 974 3182 Solent
1023 3124 1174 3178 enim
1222 3125 1447 3194 poetae.
1485 3125 1540 3179 id
1574 3129 1725 3197 quod
1776 3126 1942 3177 etiam
1980 3123 2136 3177 Iahn.
2175 3136 2477 3194 memorat,

158 3192 222 3248 in
275 3191 824 3264 comparationibus,
887 3191 984 3247 nbi
1031 3210 1221 3244 rerum
1263 3191 1531 3254 omnibus
1584 3203 1840 3247 notarum
1891 3190 1951 3261 sit
2003 3191 2242 3258 mentio,
2296 3212 2476 3266 quae,

156 3260 431 3333 quamvis
468 3263 633 3342 longe
668 3273 793 3318 ante
824 3269 977 3316 actae
1005 3260 1146 3326 sint,
1183 3268 1465 3332 tamquam
1495 3273 1810 3328 praesentes
1846 3259 2186 3330 cogitantur,
2225 3268 2478 3331 tempore

154 3329 449 3396 praesenti
496 3338 596 3384 uti.
679 3332 886 3384 Sensus
948 3339 1032 3383 est
1080 3327 1277 3397 igitur:
1345 3330 1568 3399 qualem
1618 3330 1972 3398 Harpalycen
2026 3345 2202 3401 equos
2249 3327 2343 3382 sati
2383 3346 2478 3382 are

155 3396 549 3450 meminimus.
632 3398 1035 3451 Eademratio
1083 3405 1165 3449 est
1212 3393 1323 3447 loci
1373 3394 1590 3449 Tibulli
1639 3395 1713 3461 11,
1763 3395 1824 3462 4,
1881 3398 1965 3450 55.
2014 3393 2084 3448 ab
2135 3398 2232 3450 W.
2285 3399 2336 3450 al
2364 3396 2474 3450 ati:

214 3462 482 3537 uidqm'd
516 3462 684 3518 habet
717 3464 913 3531 Circe,
956 3462 1245 3537 quidquid
1264 3460 1481 3517 Medea
1513 3463 1749 3531 veneni,
1790 3463 1826 3515 i.
1859 3481 1909 3517 e.
1949 3460 2227 3537 quidquid
2268 3463 2477 3518 veneni

204 3531 397 3596 ‘rcen‚
443 3532 699 3586 Medeam
731 3531 997 3586 habuisse
1027 3531 1254 3585 scimus.
1326 3529 1410 3582 Cf.
1448 3530 1614 3585 etiam
1650 3533 1859 3585 adnott.
1897 3532 1970 3585 ,ad
2008 3533 2125 3584 Ecl.
2159 3534 2266 3597 VI,
2294 3536 2379 3585 30.
2413 3539 2475 3611 ,et

156 3600 299 3666 vm,
332 3598 424 3654 45.
450 3629 519 3640 —
553 3603 672 3656 318.
701 3597 1244 3670 „Harpalyces
1274 3598 1331 3653 in
1363 3599 1590 3652 vetustis
1623 3598 1827 3652 sabulis
1858 3607 2049 3652 notum
2081 3616 2307 3651 nomen.
2344 3597 2474 3653 Alia

151 3677 235 3724 est
271 3665 352 3719 ab
391 3667 608 3737 Iphiclo
645 3677 861 3738 spreta,
915 3686 946 3721 a
985 3685 1095 3738 qua
1130 3666 1407 3721 cantilena
1446 3665 1789 3739 Harpalyce
1826 3666 2006 3733 dicta,
2044 3673 2106 3718 ut
2146 3684 2214 3718 ex
2254 3664 2474 3719 Aristo·-

149 3734 292 3789 xeni
347 3732 680 3802 ὑπομνήμασι
732 3744 915 3789 narrat
963 3735 1286 3788 Athenaeus
1332 3734 1498 3800 XIV,
1536 3738 1588 3787 3.
1639 3738 1863 3804 ρ.’619.
1913 3736 1973 3788 F.
2043 3731 2169 3786 Alia
2212 3729 2473 3800 Clymeni

148 3801 300 3869 fllia,
372 3803 448 3856 de
517 3821 629 3876 qua
692 3821 763 3856 ex
813 3802 1173 3873 Euphorione
1220 3800 1549 3855 Parthenius
1606 3802 1809 3855 Erot'ic.
1874 3817 1923 3854 c.
1965 3803 2078 3866 13„
2127 3798 2236 3851 Hic
2280 3798 2470 3866 tertia,

147 3872 353 3943 paullo
404 3869 502 3923 illa
553 3870 738 3925 notior
781 3871 1012 3936 ceteris,
1061 3868 1390 3937 Harpalyci,
1447 3869 1919 3938 Amymnaeorum
1971 3867 2087 3935 (ita
2130 3867 2470 3949 legendum3

147 3938 229 3996 sic
267 3939 595 4010 Amymnoa
642 3935 799 4009 Epiri
844 3939 1115 3991 memorat
1159 3937 1353 4016 Steph,
1387 3938 1567 4003 Byz.)
1605 3935 1877 3990 Thraciae
1910 3935 2089 4006 regis,
2135 3934 2248 3989 filia
2367 3952 2473 3988 uae

145 4003 209 4061 in
245 4006 420 4062 silvis
455 4007 653 4062 educta
690 4003 985 4061 venatibus
1035 4014 1089 4058 et
1123 4003 1380 4060 cursibus
1420 4021 1544 4058 sese
1579 4005 1889 4060 duraverat.
1958 4005 2044 4055 De
2081 4020 2146 4056 ea
2182 3952 2391 4057 vidfii.
2426 4003 2469 4055 1.

149 4075 311 4128 Ser-V.
355 4083 410 4127 et
449 4074 656 4145 Hygin.
691 4074 728 4127 f.
766 4073 937 4133 193.“
971 4102 1041 4114 --
1085 4070 1432 4132 Hebrum.
1472 4071 1687 4140 Heyu„
1728 4068 1823 4144 qui
1861 4069 2160 4137 Huetiurn‚
2197 4065 2467 4140 limeum,

151 4139 458 4196 Catroeum
491 4145 887 4196 Heumannum
923 4140 1159 4210 (Poecil.
1198 4142 1268 4193 T.
1298 4143 1362 4191 Π.
1405 4156 1460 4208 p.
1488 4139 1995 4205 379.)‘Gesnerum
2036 4138 2146 4205 (ad
2183 4140 2319 4191 Hor.
2358 4138 2467 4191 Od.

149 4208 202 4276 1,
255 4211 362 4273 25,
415 4207 551 4277 20.)
603 4210 981 4277 Branchum),
1030 4208 1168 4262 alios
1219 4216 1479 4273 secutus,
1539 4225 1640 4276 pro
1692 4206 1947 4261 omnium
2001 4204 2180 4260 Codd.
2228 4204 2470 4259 lectione

148 4277 366 4347 recepit
412 4278 695 4348 Rutgersii
745 4279 960 4345 (Lectt.
1014 4278 1251 4344 Venuss.
1298 4291 1348 4329 c.
1394 4274 1494 4341 6.)
1539 4273 1916 4328 coniecturam
1964 4273 2229 4338 Eurum,
2298 4288 2469 4343 quam

151 4344 322 4398 etiam
360 4345 654 4399 Schirach.
694 4362 749 4413 p.
779 4346 896 4400 540.
933 4343 1158 4416 probat,
1196 4342 1258 4396 in
1298 4342 1439 4396 min.
1476 4341 1607 4395 edit.
1644 4342 1784 4394 haec
1819 4342 2075 4396 adnotat:
2183 4340 2467 4396 Eurus·

150 4411 317 4469 Hanc
356 4413 745 4476 *coniecturam
794 4416 1054 4490 exemplo
1101 4409 1374 4470 Brunckii
1435 4408 1792 4483 aliorumque
1833 4409 2040 4480 recepi.
2115 4381 2475 4480 ’dompni-atio

1921 4480 2123 4582 1³2·

2385 4563 2420 4598 θ’
