2870 4981
911 339 1326 407 summos
1383 342 1540 407 mu.
1570 342 1652 410 n.
2299 348 2431 420 245

131 534 223 597 Me
259 529 316 595 ei
358 528 671 596 coelicolae
711 528 1031 594 voluisseut
1056 528 1495 611 glanemaevttam
1515 578 1532 609 ,

131 620 245 682 Has
284 615 427 677 mihi
464 626 807 679 servassent
845 616 1039 681 sedes.
1120 615 1287 677 Satis
1329 636 1447 677 una
1481 612 1796 696 supet-que'

129 702 375 768 Vidimus
417 700 684 780 excidia,
708 709 789 771 et
825 709 1032 778 captae
1073 700 1477 781 superavimus
1518 702 1674 765 urbi.

128 788 223 851 Sic
260 809 332 864 o,
378 784 468 848 sic
504 785 757 867 positum
797 783 985 846 adfati
1021 784 1294 847 discedite
1337 806 1571 866 corpus.
1603 806 1606 815 ⁸
2137 822 2144 833 ι

125 872 248 955 Ipse
286 890 462 932 mauu
498 878 739 933 mortem
775 867 1106 952 inveniam3
1147 869 1517 933 miserebitur
1555 868 1776 949 hostis,
2297 871 2427 940 645

125 1089 342 1129 πωπω
377 1068 459 1126 sic
491 1069 750 1141 supplem
797 1078 853 1124 et
905 1067 1083 1125 rebus
1106 1066 1334 1125 servate
1364 1067 1655 1126 secundis.
1693 1097 1763 1110 —
1828 1070 1950 1125 642.
1988 1064 2271 1142 „S‘an‘s
2301 1093 2420 1130 su-

121 1156 403 1214 perque
446 1155 594 1213 uqa
640 1136 961 1192 excidia
1004 1134 1369 1209 vidimus,·
1418 1137 1730 1211 exquisite:
1796 1140 1928 1195 satis
1976 1158 2260 1215 superque
2305 1153 2418 1208 est,

127 1213 269 1283 quod
336 1208 512 1263 semel
564 1204 795 1259 Troiam
903 1202 976 1258 ab
1028 1208 1274 1259 Hercule
1336 1216 1567 1279 propter
1627 1207 2024 1263 Laomedontis
2083 1210 2420 1278 perfidiam)

126 1285 497 1346 expugnatam
524 1272 678 1339 vidi,
718 1282 776 1328 et
812 1291 879 1326 ur
924 1272 939 1327 i
975 1290 1036 1327 ca
1080 1282 1165 1327 tae
1201 1273 1520 1343 supervixi,
1556 1291 1630 1326 ne
1668 1273 1755 1330 bis
1790 1275 1938 1329 idem
1976 1276 2290 1345 experiar.·‘
2327 1279 2416 1334 H.

123 1346 202 1397 De
233 1340 436 1413 plurali
470 1358 595 1396 una
623 1340 697 1394 cs.
734 1358 879 1415 quos
920 1341 1013 1394 lau
1058 1349 1114 1393 at
1142 1341 1409 1395 Ruddim.
1435 1345 1478 1394 1.
1520 1357 1574 1410 p.
1613 1341 1764 1395 146.:
1813 1345 1989 1396 Plant.
2026 1345 2229 1397 Pseud.
2260 1348 2314 1414 1,
2353 1356 2376 1399 1
2401 1366 2426 1412 ,ν

124 1413 203 1468 5².
249 1411 329 1463 id.
364 1408 527 1463 Trin.
554 1411 612 1476 1,
653 1414 722 1475 2,
764 1411 880 1464 129.
935 1406 1053 1461 Cic.
1089 1424 1173 1476 pr.
1211 1408 1391 1462 Flacc.
1420 1414 1518 1474 29,
1555 1414 1640 1462 70.
1685 1412 1893 1464 Lucan.
1921 1412 2027 1475 IV,
2068 1414 2187 1466 548.
2223 1414 2419 1469 multi-

124 1496 230 1554 que
262 1477 360 1531 alii
406 1476 537 1531 loci.
573 1505 643 1517 —
709 1475 831 1530 643.
865 1493 952 1530 su
1020 1473 1440 1544 eravimus,
1496 1477 1897 1545 supersuimus.
1971 1478 2098 1531 Vid.
2145 1496 2312 1550 snpra
2347 1482 2419 1535 ad

122 1564 174 1601 v.
202 1549 321 1602 597.
355 1554 410 1599 et
444 1543 593 1598 adde
624 1544 797 1596 Bach.
832 1543 903 1596 ad
993 1542 1110 1596 vid.
1146 1544 1279 1596 Met.
1306 1546 1407 1612 111,
1443 1543 1566 1597 470.
1600 1574 1669 1586 —
1734 1545 1856 1598 644.
1889 1582 1940 1612 „
1958 1544 2119 1614 Sic,
2167 1556 2228 1599 nt
2260 1567 2419 1628 sum,

114 1612 442 1686 positum
485 1627 804 1681 corpu-5,
895 1627 955 1663 ro
1007 1627 1129 1675 me,
1180 1618 1433 1678 κειμενον,
1528 1611 1645 1666 nasi
1693 1611 1802 1665 iam
1856 1611 2057 1680 sunus,
2106 1616 2416 1686 adfati,

122 1693 429 1735 extremum
467 1677 610 1731 illud
650 1676 819 1732 Vale!
910 1675 1030 1736 ale!
1080 1676 1167 1731 cf.
1202 1678 1272 1730 ad
1314 1678 1530 1731 Tibul.
1559 1681 1657 1746 111,
1697 1686 1758 1745 2,
1802 1679 1925 1746 15.·‡‘
1954 1678 2041 1734 H.
2091 1680 2224 1734 Vid.
2257 1686 2419 1738 Lucr-

122 1753 214 1814 111,
249 1750 372 1804 884.
439 1745 590 1826 Post
632 1753 869 1800 monem
901 1746 1084 1813 fine,
1133 1754 1202 1799 ut
1249 1755 1355 1801 aut
1387 1756 1664 1816 putescat
1693 1760 1941 1817 coepere
1965 1756 2136 1817 posto
2182 1748 2420 1831 (ibique

120 1813 393 1881 Waket'.)
440 1813 609 1867 ovid.
657 1815 792 1866 Met.
832 1817 941 1879 lx,
977 1814 1097 1867 503.
1146 1822 1388 1886 toroque
1430 1812 1682 1868 Mortua
1728 1830 2044 1885 compotum·
2074 1828 2417 1892 positaeque

121 1885 215 1941 det
248 1879 454 1938 oscula
471 1881 705 1951 frater.
775 1881 909 1934 Stat.
944 1876 1128 1934 Theb.
1152 1883 1285 1947 XII,
1311 1885 1397 1938 99.
1433 1880 1556 1936 Hei
1581 1879 1757 1936 milii!
1789 1885 1949 1955 quod
1964 1884 2193 1951 positos
2213 1883 2421 1942 beamus

119 1947 559 2021 ulmadiesque
609 1943 862 2002 resoluit.
910 1974 981 1989 -
1044 1946 1166 2001 645.
1217 1964 1536 2015 „manu,
1590 1967 1709 2002 non
1751 1967 1906 2015 mea,
1961 1960 2022 2004 ut
2070 1951 2249 2005 Cerda
2294 1966 2422 2022 post

120 2017 433 2082 Guellium,
488 2032 663 2086 quum
707 2012 949 2069 imbellis
983 2031 1157 2069 senex
1192 2015 1293 2080 sit,
1349 2018 1448 2070 sed
1497 2016 1704 2082 hostis,
1752 2026 1816 2069 ut
1847 2020 2044 2072 Burm.
2112 2019 2204 2072 An
2238 2023 2421 2088 placet

117 2086 546 2154 interpungere:
582 2080 719 2151 Ipse
738 2099 916 2135 manu
954 2092 1192 2137 monem
1234 2080 1552 2151 inueniam,
1593 2082 1995 2152 miserebitur,
2035 2082 2250 2154 hostis,
2288 2088 2419 2142 Em-

120 2152 398 2223 um'asque
430 2158 620 2219 poten·
683 2157 746 2202 ut
791 2148 988 2220 iungas
1034 2166 1213 2205 manu
1254 2148 1527 2205 hostis.“
1575 2150 1662 2205 H.
1746 2154 1944 2218 „Usus
1985 2152 2261 2225 loquendi
2309 2173 2423 2209 non

119 2221 350 2290 patitur,
409 2226 469 2276 nt
517 2215 780 2270 hostilem
825 2233 1055 2271 manum
1115 2216 1526 2299 intelligamus;
1591 2234 1699 2272 nec
1744 2220 2041 2283 commoda
2100 2218 2194 2271 illa
2245 2221 2423 2274 inter-

120 2284 434 2358 punctionis
466 2284 723 2338 mutatio.
787 2282 984 2338 ,Μιυω
1027 2293 1264 2338 mortem
1300 2284 1586 2355 invenit-e,
1642 2303 1760 2340 non
1792 2286 2012 2340 adiecto
2046 2283 2295 2355 genitivo
2326 2298 2424 2342 aut

122 2352 449 2425 pronomine
476 2351 824 2422 possessivo,
863 2354 1041 2404 valet:
1080 2367 1156 2405 su
1175 2369 1203 2403 a
1231 2367 1399 2404 manin
1430 2363 1666 2405 mortem
1691 2351 1976 2420 invenire,
2003 2354 2123 2407 sive
2141 2362 2169 2405 τ’
2192 2371 2422 2409 manum

125 2419 228 2477 sibi
286 2419 543 2474 interre-
594 2419 803 2474 Firmat.
859 2418 1005 2472 hauc
1066 2416 1496 2486 explicationem
1561 2419 1843 2474 adiectum
1903 2437 2213 2490 pronomen
2272 2420 2417 2492 ipse.

126 2494 314 2564 Neque
361 2488 512 2542 enim
559 2483 583 2540 τ’
653 2505 686 2541 e
730 2486 788 2540 h.
836 2488 876 2541 l.
925 2487 997 2541 ad
1044 2486 1468 2557 distinguendas
1524 2506 1789 2558 personas
1835 2499 2078 2559 spectat,
2147 2499 2206 2543 ut
2255 2490 2301 2543 is
2352 2490 2423 2546 sit

127 2574 352 2613 sensus:
399 2572 504 2609 vos
583 2554 844 2622 :scedite,
880 2571 985 2625 ego
1017 2559 1159 2610 ‘vero
1199 2554 1434 2621 morian-3
1467 2556 1794 2609 moriturum
1834 2557 1986 2609 enim
2021 2575 2084 2610 se
2119 2574 2271 2625 esse,
2309 2559 2439 2616 iam.

128 2642 180 2680 v.
205 2625 323 2679 644.
360 2621 796 2694 significaverat·
836 2623 1123 2704 quomodo
1147 2621 1447 2678 moriturus
1485 2624 1581 2681 sit.
1618 2624 1673 2676 id
1713 2627 1894 2677 solum
1929 2624 2231 2697 quaeritur.
2292 2625 2427 2696 Ipse

129 2710 329 2759 mauu,
370 2690 408 2745 i.
448 2708 501 2744 e.
539 2708 608 2743 ex
637 2685 746 2745 insu
783 2663 1045 2761 'virgum
1087 2707 1236 2742 mea
1274 2707 1477 2757 manu;
1524 2690 1641 2745 vid.
1682 2693 1788 2760 Qu.
1822 2692 1980 2761 Virga
2022 2694 2233 2759 xvllt,
2271 2700 2333 2763 2.
2379 2702 2422 2746 t.

135 2762 220 2827 [et
251 2764 461 2813 adnott.
495 2759 565 2811 ad
608 2758 726 2812 Ecl.
764 2761 861 2825 111,
897 2758 1023 2825 69.]
1095 2760 1162 2811 Et
1210 2758 1367 2830 quod
1400 2762 1476 2811 H.
1512 2767 1769 2825 veretur,
1822 2769 1882 2814 ut
1917 2777 2091 2814 senex
2123 2759 2426 2815 imbecillis

130 2836 359 2884 mortem
404 2825 514 2881 sibi
564 2827 710 2880 ferro
799 2823 933 2880 ossit
980 2825 1359 2891 consciscere,
1411 2826 1469 2879 id
1522 2825 1836 2900 disquirere
1898 2845 1966 2882 eo
2017 2827 2190 2898 magis
2222 2846 2287 2883 su
2333 2846 2428 2881 er·-

132 2901 363 2949 vacu'um
399 2895 576 2960 duco,
629 2843 796 2967 quoti³
824 2893 942 2962 ipse
976 2893 1253 2946 Anchises
1289 2893 1479 2960 addit,
1524 2894 1690 2947 etiam
1730 2895 1910 2949 hostis
1944 2911 2122 2946 mann.
2151 2894 2269 2948 occi
2316 2896 2331 2947 i
2366 2913 2427 2947 se

130 2980 304 3032 posse.
376 2964 530 3032 Quae
564 2978 738 3033 quum
775 2962 849 3016 ita
880 2961 1025 3026 sint,
1075 2962 1265 3020 nullus
1302 2957 1532 3028 dubito,
1578 2962 1715 3035 quin
1768 2972 1891 3031 post
1934 2959 2216 3015 inveniam
2255 2961 2430 3030 parti-

135 3032 249 3084 cula
283 3040 390 3083 am
423 3027 720 3096 exciderit,
770 3045 870 3097 per
903 3037 1205 3081 extremam
1233 3027 1568 3097 praegressi
1601 3026 1764 3085 verbi
1797 3026 2070 3097 syllabam
2109 3027 2427 3098 intercepta.

134 3096 217 3151 Sic
248 3097 415 3151 etiam
452 3105 631 3166 patet,
678 3094 1029 3163 exuviasue,
1076 3094 1226 3168 quod
1268 3097 1525 3174 proximo
1559 3113 1643 3148 vs.
1684 3097 1946 3175 proponit
1983 3098 2090 3162 H„
2145 3095 2288 3148 l'erri.
2314 3112 2430 3148 non

134 3182 321 3236 posse3
375 3182 501 3217 nam
552 3182 624 3216 ex
673 3162 986 3225 coniunctis
1035 3161 1262 3215 demum
1310 3161 1399 3216 his
1444 3163 1735 3216 sententiis
1767 3161 2133 3217 miserebitur·
2163 3161 2343 3217 hostis
2375 3172 2431 3215 et

135 3231 374 3288 exuvias
396 3241 554 3302 petet
590 3229 956 3285 interficiendi
995 3228 1151 3284 notio
1189 3229 1542 3296 enascitur.“
1619 3233 1771 3283 Haec
1809 3229 1998 3299 Wr„
2036 3230 2125 3284 cui
2161 3227 2429 3284 adsentiri

135 3316 241 3353 non
275 3317 524 3370 possum.
594 3300 893 3352 Sumamns
930 3296 1082 3350 enim
1105 3335 1120 3363 ,
1155 3314 1287 3350 vere
1321 3298 1597 3353 excidisse
1624 3297 1762 3368 illud
1789 3308 1930 3366 aut,
1968 3298 2130 3351 cuius
2166 3296 2428 3352 inCodd.

136 3383 233 3420 nec
264 3370 394 3421 vola
430 3384 534 3421 nec
568 3364 864 3436 vestigium
904 3383 963 3419 re
1006 3364 1234 3430 eritius
1258 3364 1394 3438 qnid
1434 3366 1566 3419 inde
1598 3368 1910 3433 lucramur,
1964 3365 2072 3419 nisi
2112 3381 2432 3434 perversam

134 3435 454 3489 sententiam
472 3435 498 3489 ἲ
566 3432 624 3488 Si
662 3434 813 3487 enim
843 3434 966 3487 Anc
985 3432 1125 3488 iisae
1152 3440 1257 3487 stat
1281 3432 1576 3487 consilium
1593 3472 1609 3499 ,
1646 3451 1745 3488 sua
1769 3450 1940 3487 mann
1967 3450 2027 3487 se
2053 3432 2429 3488 interimendi.

138 3518 244 3555 non
282 3520 425 3571 opus
460 3512 572 3570 est,
624 3508 686 3553 ut
718 3509 1029 3568 exspectet,
1084 3500 1264 3554 donec
1299 3500 1475 3555 hostis
1508 3500 1712 3573 aliquis
1746 3519 1809 3555 se
1829 3499 2150 3555 interficiat.
2189 3523 2190 3526 ¹
2219 3500 2429 3569 Quidni

140 3570 307 3634 statim
359 3569 478 3640 ipse
526 3586 756 3624 manum
802 3567 909 3622 sibi
962 3568 1155 3633 insert,
1207 3566 1531 3640 priusquam
1579 3570 1778 3623 hostes·
1820 3568 2236 3637 adproperent?
2320 3564 2433 3619 Cur

142 3635 293 3705 igitur
327 3648 438 3691 tam
485 3636 752 3709 languida
798 3635 893 3688 illa
929 3635 1237 3704 oppositio:
1289 3644 1381 3688 aut
1434 3635 1553 3704 ipse
1601 3635 1740 3694 mihi
1781 3647 2012 3690 mortem
2053 3632 2430 3710 consciscam,

141 3715 225 3758 anit
252 3705 321 3762 ab
358 3705 612 3760 hostibus
649 3703 988 3758 interficiar?
1054 3706 1232 3756 Immo
1280 3721 1341 3757 se
1374 3721 1475 3757 sua
1527 3722 1696 3757 manu
1737 3701 2096 3759 interimendi
2131 3700 2433 3755 consilium

142 3773 363 3828 omnino
408 3773 655 3826 alienum
702 3771 927 3825 videtur
972 3768 1044 3824 ab
1096 3787 1195 3838 ea,
1241 3788 1408 3844 quam
1461 3771 1555 3826 hic
1590 3772 1772 3841 prodit
1806 3770 2112 3834 Anchises,
2155 3775 2346 3826 mente
2379 3776 2433 3819 et

143 3841 450 3906 voluntate3
488 3858 672 3912 neque
705 3838 887 3908 ipsum
923 3839 1174 3892 Aeneam
1212 3838 1381 3909 patris
1416 3837 1590 3893 verba
1626 3838 1700 3892 de
1732 3835 2040 3892 voluntaria
2078 3843 2281 3900 morte,
2331 3834 2429 3888 sed

145 3905 209 3962 de
252 3909 422 3961 caede
473 3907 660 3961 hostili
710 3923 878 3960 manu
931 3906 1199 3977 patranda
1256 3904 1601 3988 intelligere,
1653 3915 1880 3975 apparet
1915 3921 1985 3956 ex
2023 3904 2235 3979 *2⁶⁶9-
2272 3918 2430 3973 sqc1.;

146 3976 284 4094 quod
322 3975 483 4032 aliter
535 3973 652 4027 fieri
697 3991 810 4027 non
845 3974 1120 4042 potuisse,
1169 3972 1409 4055 quisque
1446 3973 1745 4042 intelliget,
1793 3969 2066 4042 imprimis
2102 3987 2201 4041 qui
2239 3968 2433 4022 cousi-

181 4044 439 4109 eras-erit,
472 4051 708 4098 mortem
739 4040 812 4094 in
827 4039 1084 4096 venire
1123 4057 1308 4095 minus
1337 4051 1466 4109 apte
1492 4040 1603 4097 dici
1631 4042 1702 4094 de
1735 4057 1833 4105 eo,
1873 4038 1969 4111 qui
2001 4037 2120 4107 ipse
2151 4052 2212 4090 se
2239 4037 2423 4104 priva—

148 4118 289 4164 turus
324 4111 397 4164 sit
432 4110 576 4174 vitat,
633 4126 798 4182 quam
846 4109 970 4161 uam
1022 4125 1114 4161 me
1159 4126 1275 4162 non
1314 4108 1455 4179 fugit
1484 4112 1639 4162 locus
1675 4106 1884 4160 Lucani
1923 4107 2048 4168 Vll,
2088 4107 2206 4157 308.
2276 4101 2432 4157 Nam

149 4192 226 4229 me
254 4194 464 4234 secura
508 4172 757 4230 vnaneln't
835 4194 933 4236 ors
976 4174 1346 4248 quae-'ita'
1374 4193 1550 4230 rna-rm
1567 4194 1587 4231 .·
1621 4173 1946 4245 fodientem
1981 4170 2202 4225 viscera
2238 4177 2431 4225 ’cernet

150 4240 244 4297 Me
275 4262 437 4314 mea,
474 4242 578 4320 qui
612 4252 715 4296 etc.
787 4246 967 4313 Quare
995 4259 1100 4313 ego
1133 4244 1192 4297 h.
1225 4245 1267 4296 1.
1299 4242 1381 4296 sic
1416 4243 1673 4313 explico:
1724 4241 1764 4296 1
1798 4259 1860 4295 se
1893 4247 2071 4294 mmm
2107 4254 2260 4296 mea.
2298 4238 2335 4289 i.
2377 4254 2429 4289 e.

150 4322 233 4363 me
266 4312 542 4378 defendo,
598 4313 691 4364 vel
735 4321 882 4364 certe
915 4310 1169 4394 speciem
1206 4327 1267 4366 se
1305 4309 1589 4365 defensuri
1626 4326 1756 4378 prae
1801 4326 1869 4362 en
1914 4326 1948 4363 ο
1996 4303 2109 4373 (cs.
2152 4322 2320 4378 supra
2357 4303 2429 4357 ad

150 4391 201 4428 v·
226 4377 343 4433 434.
374 4377 626 4443 adnott.)
665 4387 900 4433 :nonem
930 4376 1248 4447 inveniam,
1298 4375 1337 4431 i.
1379 4391 1430 4431 e.
1468 4374 1737 4444 efficiam,
1786 4386 1846 4430 ut
1902 4383 2195 4431 ,πεῖθε-ωε
2229 4370 2432 4449 conso-3

150 4442 328 4515 dinntg
383 4460 649 4523 quaeram
693 4456 932 4502 mortem
978 4455 1036 4506 et
1079 4443 1385 4505 inveniam.
1476 4443 1683 4502 Hostis
1728 4443 1912 4514 enim,
1971 4440 2074 4499 etsi
2133 4437 2429 4496 resistendi
