<?xml version="1.0" encoding="UTF-8"?>
<!DOCTYPE html PUBLIC "-//W3C//DTD XHTML 1.0 Transitional//EN"
    "http://www.w3.org/TR/xhtml1/DTD/xhtml1-transitional.dtd">
<html xmlns="http://www.w3.org/1999/xhtml" xml:lang="en" lang="en">
 <head>
  <title>
</title>
<meta http-equiv="Content-Type" content="text/html;charset=utf-8" />
  <meta name='ocr-system' content='tesseract 3.04.00' />
  <meta name='ocr-capabilities' content='ocr_page ocr_carea ocr_par ocr_line ocrx_word'/>
</head>
<body>
  <div class='ocr_page' id='page_1' title='image "./pvirgiliimaroni00forbgoog_0135.png"; bbox 0 0 2870 4981; ppageno 0'>
   <div class='ocr_carea' id='block_1_1' title="bbox 950 280 2483 376">
    <p class='ocr_par' dir='ltr' id='par_1_1' title="bbox 950 280 2483 376">
     <span class='ocr_line' id='line_1_1' title="bbox 950 280 2483 376; baseline 0.01 -29"><span class='ocrx_word' id='word_1_1' title='bbox 950 280 1366 352; x_wconf 79' lang='lat' dir='ltr'><strong>AENEmoS</strong></span> <span class='ocrx_word' id='word_1_2' title='bbox 1391 289 1396 294; x_wconf 82' lang='grc'><em>’</em></span> <span class='ocrx_word' id='word_1_3' title='bbox 1425 286 1583 356; x_wconf 80' lang='lat' dir='ltr'><strong>LIB.</strong></span> <span class='ocrx_word' id='word_1_4' title='bbox 1619 293 1671 358; x_wconf 85' lang='grc' dir='ltr'><strong>Ι.</strong></span> <span class='ocrx_word' id='word_1_5' title='bbox 2120 284 2137 376; x_wconf 58' lang='grc' dir='ltr'>ᾗ</span> <span class='ocrx_word' id='word_1_6' title='bbox 2353 308 2483 376; x_wconf 82' lang='lat'><strong>129</strong></span> 
     </span>
    </p>
   </div>
   <div class='ocr_carea' id='block_1_2' title="bbox 169 466 2478 900">
    <p class='ocr_par' dir='ltr' id='par_1_2' title="bbox 169 466 2478 900">
     <span class='ocr_line' id='line_1_2' title="bbox 173 466 2115 563; baseline 0.007 -33"><span class='ocrx_word' id='word_1_7' title='bbox 173 466 411 549; x_wconf 66' lang='lat' dir='ltr'><strong>‘Semper</strong></span> <span class='ocrx_word' id='word_1_8' title='bbox 447 466 632 530; x_wconf 85' lang='lat' dir='ltr'><strong>honos</strong></span> <span class='ocrx_word' id='word_1_9' title='bbox 676 488 995 552; x_wconf 79' lang='lat' dir='ltr'><strong>nomenque</strong></span> <span class='ocrx_word' id='word_1_10' title='bbox 1038 480 1197 535; x_wconf 85' lang='lat' dir='ltr'><strong>tuum</strong></span> <span class='ocrx_word' id='word_1_11' title='bbox 1240 472 1553 558; x_wconf 80' lang='lat' dir='ltr'><strong>laudesque</strong></span> <span class='ocrx_word' id='word_1_12' title='bbox 1592 484 1938 563; x_wconf 78' lang='lat' dir='ltr'><strong>manebunt,</strong></span> <span class='ocrx_word' id='word_1_13' title='bbox 2110 543 2115 544; x_wconf 18' lang='lat' dir='ltr'><em>ff</em></span> 
     </span>
     <span class='ocr_line' id='line_1_3' title="bbox 175 553 2478 649; baseline 0.012 -39"><span class='ocrx_word' id='word_1_14' title='bbox 175 553 331 628; x_wconf 76' lang='lat' dir='ltr'><strong>Quae</strong></span> <span class='ocrx_word' id='word_1_15' title='bbox 368 572 462 613; x_wconf 88' lang='lat' dir='ltr'><strong>me</strong></span> <span class='ocrx_word' id='word_1_16' title='bbox 506 574 750 634; x_wconf 84' lang='lat' dir='ltr'><strong>cumque</strong></span> <span class='ocrx_word' id='word_1_17' title='bbox 794 566 1007 625; x_wconf 78' lang='lat' dir='ltr'><strong>vocant</strong></span> <span class='ocrx_word' id='word_1_18' title='bbox 1047 567 1258 623; x_wconf 78' lang='lat' dir='ltr'><strong>terrae.</strong></span> <span class='ocrx_word' id='word_1_19' title='bbox 1346 561 1452 624; x_wconf 90' lang='lat' dir='ltr'><strong>Sic</strong></span> <span class='ocrx_word' id='word_1_20' title='bbox 1490 564 1646 627; x_wconf 78' lang='lat' dir='ltr'><strong>satus</strong></span> <span class='ocrx_word' id='word_1_21' title='bbox 1668 613 1684 643; x_wconf 94' lang='lat'><strong>,</strong></span> <span class='ocrx_word' id='word_1_22' title='bbox 1730 570 1981 634; x_wconf 83' lang='lat' dir='ltr'><strong>amicum</strong></span> <span class='ocrx_word' id='word_1_23' title='bbox 2350 582 2478 649; x_wconf 80' lang='lat'><strong>610</strong></span> 
     </span>
     <span class='ocr_line' id='line_1_4' title="bbox 171 636 1887 724; baseline 0.009 -27"><span class='ocrx_word' id='word_1_24' title='bbox 171 636 380 699; x_wconf 80' lang='lat' dir='ltr'><strong>Ilionea</strong></span> <span class='ocrx_word' id='word_1_25' title='bbox 422 637 566 716; x_wconf 74' lang='lat' dir='ltr'><strong>petit</strong></span> <span class='ocrx_word' id='word_1_26' title='bbox 605 641 842 718; x_wconf 78' lang='lat' dir='ltr'><strong>dextra,</strong></span> <span class='ocrx_word' id='word_1_27' title='bbox 888 641 1169 722; x_wconf 82' lang='lat' dir='ltr'><strong>laevaque</strong></span> <span class='ocrx_word' id='word_1_28' title='bbox 1214 646 1565 724; x_wconf 83' lang='lat' dir='ltr'><strong>Serestum·3-</strong></span> <span class='ocrx_word' id='word_1_29' title='bbox 1791 657 1799 676; x_wconf 63' lang='lat'>⁸</span> <span class='ocrx_word' id='word_1_30' title='bbox 1882 719 1887 723; x_wconf 55' lang='grc'><strong>,</strong></span> 
     </span>
     <span class='ocr_line' id='line_1_5' title="bbox 169 719 1878 811; baseline 0.011 -27"><span class='ocrx_word' id='word_1_31' title='bbox 169 719 305 784; x_wconf 82' lang='lat' dir='ltr'><strong>Post</strong></span> <span class='ocrx_word' id='word_1_32' title='bbox 347 722 526 799; x_wconf 78' lang='lat' dir='ltr'><strong>alioS,</strong></span> <span class='ocrx_word' id='word_1_33' title='bbox 560 722 892 806; x_wconf 33' lang='lat' dir='ltr'><strong>,fortemque</strong></span> <span class='ocrx_word' id='word_1_34' title='bbox 934 726 1104 808; x_wconf 84' lang='lat' dir='ltr'>Gyan</span> <span class='ocrx_word' id='word_1_35' title='bbox 1143 729 1463 811; x_wconf 85' lang='lat' dir='ltr'><strong>fortemque</strong></span> <span class='ocrx_word' id='word_1_36' title='bbox 1508 733 1878 802; x_wconf 80' lang='lat' dir='ltr'><strong>Cloanthum.</strong></span> 
     </span>
     <span class='ocr_line' id='line_1_6' title="bbox 332 807 1708 900; baseline 0.009 -31"><span class='ocrx_word' id='word_1_37' title='bbox 332 807 643 887; x_wconf 81' lang='lat' dir='ltr'><strong>Obstupuit</strong></span> <span class='ocrx_word' id='word_1_38' title='bbox 684 810 870 891; x_wconf 89' lang='lat' dir='ltr'><strong>primo</strong></span> <span class='ocrx_word' id='word_1_39' title='bbox 913 814 1482 895; x_wconf 81' lang='lat' dir='ltr'><strong>adspectuSidonia</strong></span> <span class='ocrx_word' id='word_1_40' title='bbox 1522 819 1708 900; x_wconf 86' lang='lat' dir='ltr'><strong>Dido,</strong></span> 
     </span>
    </p>
   </div>
   <div class='ocr_carea' id='block_1_3' title="bbox 88 1003 2539 4211">
    <p class='ocr_par' dir='ltr' id='par_1_3' title="bbox 107 1003 2539 3872">
     <span class='ocr_line' id='line_1_7' title="bbox 167 1003 2469 1092; baseline 0.013 -35"><span class='ocrx_word' id='word_1_41' title='bbox 167 1003 237 1071; x_wconf 91' lang='lat' dir='ltr'><strong>(i.</strong></span> <span class='ocrx_word' id='word_1_42' title='bbox 272 1021 323 1057; x_wconf 92' lang='lat' dir='ltr'><strong>e.</strong></span> <span class='ocrx_word' id='word_1_43' title='bbox 374 1006 615 1061; x_wconf 82' lang='lat' dir='ltr'><strong>convexi</strong></span> <span class='ocrx_word' id='word_1_44' title='bbox 648 1008 767 1079; x_wconf 89' lang='lat' dir='ltr'><strong>poli</strong></span> <span class='ocrx_word' id='word_1_45' title='bbox 816 1009 1075 1082; x_wconf 81' lang='lat' dir='ltr'><strong>sidera)3</strong></span> <span class='ocrx_word' id='word_1_46' title='bbox 1116 1012 1208 1069; x_wconf 89' lang='lat' dir='ltr'><strong>cui</strong></span> <span class='ocrx_word' id='word_1_47' title='bbox 1254 1015 1648 1073; x_wconf 84' lang='lat' dir='ltr'><strong>adsentiuntur</strong></span> <span class='ocrx_word' id='word_1_48' title='bbox 1694 1017 1925 1075; x_wconf 85' lang='lat' dir='ltr'><strong>Wakel&#39;.</strong></span> <span class='ocrx_word' id='word_1_49' title='bbox 1962 1024 2032 1077; x_wconf 90' lang='lat' dir='ltr'><strong>ad</strong></span> <span class='ocrx_word' id='word_1_50' title='bbox 2069 1028 2284 1085; x_wconf 76' lang='lat' dir='ltr'><strong>Luci-‚1</strong></span> <span class='ocrx_word' id='word_1_51' title='bbox 2349 1041 2469 1092; x_wconf 78' lang='lat'><strong>232.</strong></span> 
     </span>
     <span class='ocr_line' id='line_1_8' title="bbox 166 1073 2467 1175; baseline 0.016 -51"><span class='ocrx_word' id='word_1_52' title='bbox 166 1073 345 1126; x_wconf 88' lang='lat' dir='ltr'><strong>Hand.</strong></span> <span class='ocrx_word' id='word_1_53' title='bbox 379 1073 451 1126; x_wconf 86' lang='lat' dir='ltr'><strong>ad</strong></span> <span class='ocrx_word' id='word_1_54' title='bbox 492 1076 736 1130; x_wconf 86' lang='lat' dir='ltr'><strong>Gronov.</strong></span> <span class='ocrx_word' id='word_1_55' title='bbox 774 1079 947 1133; x_wconf 88' lang='lat' dir='ltr'><strong>Diatr.</strong></span> <span class='ocrx_word' id='word_1_56' title='bbox 985 1081 1046 1135; x_wconf 87' lang='lat' dir='ltr'><strong>in</strong></span> <span class='ocrx_word' id='word_1_57' title='bbox 1083 1084 1219 1137; x_wconf 86' lang='lat' dir='ltr'><strong>Stat.</strong></span> <span class='ocrx_word' id='word_1_58' title='bbox 1259 1088 1328 1137; x_wconf 92' lang='lat' dir='ltr'><strong>T.</strong></span> <span class='ocrx_word' id='word_1_59' title='bbox 1356 1089 1397 1138; x_wconf 92' lang='lat'><strong>1.</strong></span> <span class='ocrx_word' id='word_1_60' title='bbox 1435 1103 1492 1157; x_wconf 89' lang='lat' dir='ltr'><strong>p.</strong></span> <span class='ocrx_word' id='word_1_61' title='bbox 1521 1085 1641 1140; x_wconf 84' lang='lat'><strong>326.</strong></span> <span class='ocrx_word' id='word_1_62' title='bbox 1678 1098 1734 1142; x_wconf 90' lang='lat' dir='ltr'><strong>et</strong></span> <span class='ocrx_word' id='word_1_63' title='bbox 1763 1090 1955 1158; x_wconf 84' lang='lat' dir='ltr'><strong>&#39;lahn.,</strong></span> <span class='ocrx_word' id='word_1_64' title='bbox 1994 1097 2122 1147; x_wconf 88' lang='lat' dir='ltr'><strong>coll.</strong></span> <span class='ocrx_word' id='word_1_65' title='bbox 2160 1073 2326 1155; x_wconf 78' lang='lat' dir='ltr'><strong>ovid’.</strong></span> <span class='ocrx_word' id='word_1_66' title='bbox 2363 1106 2467 1175; x_wconf 88' lang='lat' dir='ltr'><strong>Ep.</strong></span> 
     </span>
     <span class='ocr_line' id='line_1_9' title="bbox 167 1143 2464 1229; baseline 0.016 -37"><span class='ocrx_word' id='word_1_67' title='bbox 167 1158 229 1192; x_wconf 81' lang='lat' dir='ltr'><strong>ex</strong></span> <span class='ocrx_word' id='word_1_68' title='bbox 271 1144 333 1194; x_wconf 88' lang='lat' dir='ltr'><strong>P.</strong></span> <span class='ocrx_word' id='word_1_69' title='bbox 364 1143 472 1208; x_wconf 92' lang='lat' dir='ltr'><strong>IV,</strong></span> <span class='ocrx_word' id='word_1_70' title='bbox 509 1145 573 1209; x_wconf 90' lang='lat'><strong>9,</strong></span> <span class='ocrx_word' id='word_1_71' title='bbox 611 1148 730 1200; x_wconf 70' lang='lat'><strong>1129.</strong></span> <span class='ocrx_word' id='word_1_72' title='bbox 812 1146 905 1201; x_wconf 80' lang='lat' dir='ltr'><strong>Tu</strong></span> <span class='ocrx_word' id='word_1_73' title='bbox 947 1159 1184 1205; x_wconf 75' lang='lat' dir='ltr'><strong>nostras</strong></span> <span class='ocrx_word' id='word_1_74' title='bbox 1229 1152 1404 1207; x_wconf 72' lang='lat' dir='ltr'><strong>audis</strong></span> <span class='ocrx_word' id='word_1_75' title='bbox 1452 1154 1607 1209; x_wconf 74' lang='lat' dir='ltr'><strong>inter</strong></span> <span class='ocrx_word' id='word_1_76' title='bbox 1649 1173 1913 1211; x_wconf 77' lang='lat' dir='ltr'><strong>convexa</strong></span> <span class='ocrx_word' id='word_1_77' title='bbox 1957 1158 2184 1219; x_wconf 78' lang='lat' dir='ltr'><strong>locatus</strong></span> <span class='ocrx_word' id='word_1_78' title='bbox 2223 1164 2464 1229; x_wconf 68' lang='lat' dir='ltr'><strong>Sidera.</strong></span> 
     </span>
     <span class='ocr_line' id='line_1_10' title="bbox 165 1208 2468 1301; baseline 0.013 -40"><span class='ocrx_word' id='word_1_79' title='bbox 165 1208 261 1261; x_wconf 88' lang='lat' dir='ltr'><strong>Sed</strong></span> <span class='ocrx_word' id='word_1_80' title='bbox 298 1209 439 1281; x_wconf 85' lang='lat' dir='ltr'><strong>quid</strong></span> <span class='ocrx_word' id='word_1_81' title='bbox 481 1209 592 1264; x_wconf 89' lang='lat' dir='ltr'><strong>sibi</strong></span> <span class='ocrx_word' id='word_1_82' title='bbox 626 1216 826 1267; x_wconf 87' lang='lat' dir='ltr'><strong>volunt</strong></span> <span class='ocrx_word' id='word_1_83' title='bbox 862 1214 1036 1270; x_wconf 86' lang='lat' dir='ltr'><strong>verba</strong></span> <span class='ocrx_word' id='word_1_84' title='bbox 1063 1218 1305 1273; x_wconf 78' lang='lat' dir='ltr'><strong>umbrae</strong></span> <span class='ocrx_word' id='word_1_85' title='bbox 1328 1221 1615 1277; x_wconf 80' lang='lat' dir='ltr'><strong>montibu-s</strong></span> <span class='ocrx_word' id='word_1_86' title='bbox 1638 1221 2016 1281; x_wconf 75' lang='lat' dir='ltr'><strong>lustrabunt?</strong></span> <span class='ocrx_word' id='word_1_87' title='bbox 2051 1232 2180 1301; x_wconf 81' lang='lat' dir='ltr'><strong>quis</strong></span> <span class='ocrx_word' id='word_1_88' title='bbox 2212 1252 2292 1288; x_wconf 89' lang='lat' dir='ltr'><strong>un</strong></span> <span class='ocrx_word' id='word_1_89' title='bbox 2335 1257 2468 1296; x_wconf 85' lang='lat' dir='ltr'><strong>uam</strong></span> 
     </span>
     <span class='ocr_line' id='line_1_11' title="bbox 162 1256 2465 1374; baseline 0.013 -46"><span class='ocrx_word' id='word_1_90' title='bbox 162 1294 284 1330; x_wconf 88' lang='lat' dir='ltr'><strong>usus</strong></span> <span class='ocrx_word' id='word_1_91' title='bbox 320 1285 402 1330; x_wconf 89' lang='lat' dir='ltr'><strong>est</strong></span> <span class='ocrx_word' id='word_1_92' title='bbox 430 1278 669 1349; x_wconf 78' lang='lat' dir='ltr'><strong>simplici</strong></span> <span class='ocrx_word' id='word_1_93' title='bbox 701 1281 876 1336; x_wconf 87' lang='lat' dir='ltr'><strong>verbo</strong></span> <span class='ocrx_word' id='word_1_94' title='bbox 906 1282 1237 1355; x_wconf 75' lang='lat' dir='ltr'><strong>lustrandi,</strong></span> <span class='ocrx_word' id='word_1_95' title='bbox 1278 1290 1592 1343; x_wconf 85' lang='lat' dir='ltr'><strong>accusativo</strong></span> <span class='ocrx_word' id='word_1_96' title='bbox 1621 1290 1824 1345; x_wconf 89' lang='lat' dir='ltr'><strong>obiecti</strong></span> <span class='ocrx_word' id='word_1_97' title='bbox 1861 1310 1974 1347; x_wconf 91' lang='lat' dir='ltr'><strong>non</strong></span> <span class='ocrx_word' id='word_1_98' title='bbox 2001 1298 2235 1355; x_wconf 89' lang='lat' dir='ltr'><strong>addito?</strong></span> <span class='ocrx_word' id='word_1_99' title='bbox 2282 1256 2465 1374; x_wconf 60' lang='lat' dir='ltr'><strong>guam</strong></span> 
     </span>
     <span class='ocr_line' id='line_1_12' title="bbox 161 1343 2434 1435; baseline 0.011 -38"><span class='ocrx_word' id='word_1_100' title='bbox 161 1343 528 1397; x_wconf 82' lang='lat' dir='ltr'><strong>difficultatem</strong></span> <span class='ocrx_word' id='word_1_101' title='bbox 575 1350 880 1405; x_wconf 75' lang='lat' dir='ltr'><strong>sentientes</strong></span> <span class='ocrx_word' id='word_1_102' title='bbox 914 1352 1111 1407; x_wconf 84' lang='lat' dir='ltr'><strong>Heius.</strong></span> <span class='ocrx_word' id='word_1_103' title='bbox 1164 1364 1216 1407; x_wconf 91' lang='lat' dir='ltr'><strong>et</strong></span> <span class='ocrx_word' id='word_1_104' title='bbox 1252 1356 1480 1408; x_wconf 72' lang='lat' dir='ltr'><strong>Walzef.</strong></span> <span class='ocrx_word' id='word_1_105' title='bbox 1531 1360 1569 1409; x_wconf 89' lang='lat' dir='ltr'><strong>l.</strong></span> <span class='ocrx_word' id='word_1_106' title='bbox 1621 1360 1660 1409; x_wconf 90' lang='lat' dir='ltr'><strong>l.</strong></span> <span class='ocrx_word' id='word_1_107' title='bbox 1697 1376 1765 1413; x_wconf 90' lang='lat' dir='ltr'><strong>eo</strong></span> <span class='ocrx_word' id='word_1_108' title='bbox 1811 1361 1953 1414; x_wconf 84' lang='lat' dir='ltr'><strong>adeo</strong></span> <span class='ocrx_word' id='word_1_109' title='bbox 1988 1371 2262 1435; x_wconf 82' lang='lat' dir='ltr'><strong>progressi</strong></span> <span class='ocrx_word' id='word_1_110' title='bbox 2300 1385 2434 1428; x_wconf 87' lang='lat' dir='ltr'><strong>sunt</strong></span> 
     </span>
     <span class='ocr_line' id='line_1_13' title="bbox 161 1410 2466 1507; baseline 0.009 -44"><span class='ocrx_word' id='word_1_111' title='bbox 161 1420 215 1464; x_wconf 87' lang='lat' dir='ltr'><strong>ut</strong></span> <span class='ocrx_word' id='word_1_112' title='bbox 257 1410 638 1468; x_wconf 70' lang='lat' dir='ltr'><strong>conlib-erent:</strong></span> <span class='ocrx_word' id='word_1_113' title='bbox 691 1420 833 1472; x_wconf 78' lang='lat' dir='ltr'><strong>dum</strong></span> <span class='ocrx_word' id='word_1_114' title='bbox 874 1419 1160 1475; x_wconf 72' lang='lat' dir='ltr'><strong>montibus</strong></span> <span class='ocrx_word' id='word_1_115' title='bbox 1207 1422 1451 1477; x_wconf 78' lang='lat' dir='ltr'><strong>umbrae</strong></span> <span class='ocrx_word' id='word_1_116' title='bbox 1484 1426 1712 1479; x_wconf 72' lang='lat' dir='ltr'><strong>Lustra</strong></span> <span class='ocrx_word' id='word_1_117' title='bbox 1757 1425 2013 1496; x_wconf 76' lang='lat' dir='ltr'><strong>dabunt,</strong></span> <span class='ocrx_word' id='word_1_118' title='bbox 2067 1437 2273 1507; x_wconf 83' lang='lat' dir='ltr'><strong>(quam</strong></span> <span class='ocrx_word' id='word_1_119' title='bbox 2320 1416 2466 1495; x_wconf 52' lang='lat' dir='ltr'><strong>conj</strong></span> 
     </span>
     <span class='ocr_line' id='line_1_14' title="bbox 158 1479 2539 1572; baseline 0.013 -40"><span class='ocrx_word' id='word_1_120' title='bbox 158 1479 453 1548; x_wconf 84' lang='lat' dir='ltr'><strong>iecturam,</strong></span> <span class='ocrx_word' id='word_1_121' title='bbox 499 1482 695 1537; x_wconf 84' lang='lat' dir='ltr'><strong>Iahnio</strong></span> <span class='ocrx_word' id='word_1_122' title='bbox 733 1486 969 1539; x_wconf 87' lang='lat' dir='ltr'><strong>minime</strong></span> <span class='ocrx_word' id='word_1_123' title='bbox 1022 1488 1444 1558; x_wconf 81' lang='lat' dir='ltr'><strong>displicentem,</strong></span> <span class='ocrx_word' id='word_1_124' title='bbox 1516 1494 1676 1547; x_wconf 88' lang='lat' dir='ltr'><strong>Voss.</strong></span> <span class='ocrx_word' id='word_1_125' title='bbox 1725 1496 2093 1551; x_wconf 84' lang='lat' dir='ltr'><strong>conversione</strong></span> <span class='ocrx_word' id='word_1_126' title='bbox 2140 1518 2314 1572; x_wconf 87' lang='lat' dir='ltr'><strong>germ.</strong></span> <span class='ocrx_word' id='word_1_127' title='bbox 2357 1527 2466 1563; x_wconf 83' lang='lat' dir='ltr'><strong>ex-</strong></span> <span class='ocrx_word' id='word_1_128' title='bbox 2525 1521 2539 1532; x_wconf 90' lang='lat'><strong>·</strong></span> 
     </span>
     <span class='ocr_line' id='line_1_15' title="bbox 160 1547 2461 1642; baseline 0.01 -43"><span class='ocrx_word' id='word_1_129' title='bbox 160 1547 413 1617; x_wconf 85' lang='lat' dir='ltr'><strong>pressit),</strong></span> <span class='ocrx_word' id='word_1_130' title='bbox 437 1609 440 1610; x_wconf 15' lang='lat'><em>⁷</em></span> <span class='ocrx_word' id='word_1_131' title='bbox 463 1551 654 1604; x_wconf 87' lang='lat' dir='ltr'><strong>Burm.</strong></span> <span class='ocrx_word' id='word_1_132' title='bbox 691 1562 909 1621; x_wconf 85' lang='lat' dir='ltr'><strong>autem,</strong></span> <span class='ocrx_word' id='word_1_133' title='bbox 958 1553 1131 1610; x_wconf 81' lang='lat' dir='ltr'><strong>fretus</strong></span> <span class='ocrx_word' id='word_1_134' title='bbox 1168 1556 1407 1610; x_wconf 83' lang='lat' dir='ltr'><strong>duorum</strong></span> <span class='ocrx_word' id='word_1_135' title='bbox 1444 1558 1623 1612; x_wconf 89' lang='lat' dir='ltr'><strong>Codd.</strong></span> <span class='ocrx_word' id='word_1_136' title='bbox 1657 1562 1899 1616; x_wconf 85' lang='lat' dir='ltr'><strong>lectione</strong></span> <span class='ocrx_word' id='word_1_137' title='bbox 1940 1563 2271 1642; x_wconf 73' lang='lat' dir='ltr'><strong>instabunt,</strong></span> <span class='ocrx_word' id='word_1_138' title='bbox 2323 1592 2461 1631; x_wconf 75' lang='lat' dir='ltr'><strong>con-</strong></span> 
     </span>
     <span class='ocr_line' id='line_1_16' title="bbox 158 1614 2461 1711; baseline 0.01 -43"><span class='ocrx_word' id='word_1_139' title='bbox 158 1614 386 1669; x_wconf 71' lang='lat' dir='ltr'><strong>stabunt</strong></span> <span class='ocrx_word' id='word_1_140' title='bbox 412 1617 717 1686; x_wconf 80' lang='lat' dir='ltr'><strong>legendum</strong></span> <span class='ocrx_word' id='word_1_141' title='bbox 769 1638 892 1675; x_wconf 87' lang='lat' dir='ltr'><strong>esse</strong></span> <span class='ocrx_word' id='word_1_142' title='bbox 924 1623 1317 1690; x_wconf 88' lang='lat' dir='ltr'><strong>suspicaretur.</strong></span> <span class='ocrx_word' id='word_1_143' title='bbox 1388 1627 1527 1679; x_wconf 87' lang='lat' dir='ltr'><strong>Mihi</strong></span> <span class='ocrx_word' id='word_1_144' title='bbox 1562 1645 1731 1695; x_wconf 84' lang='lat' dir='ltr'><strong>vero,</strong></span> <span class='ocrx_word' id='word_1_145' title='bbox 1788 1638 1852 1683; x_wconf 90' lang='lat' dir='ltr'><strong>ut</strong></span> <span class='ocrx_word' id='word_1_146' title='bbox 1885 1632 2203 1706; x_wconf 83' lang='lat' dir='ltr'><strong>Wagnero,</strong></span> <span class='ocrx_word' id='word_1_147' title='bbox 2249 1644 2461 1711; x_wconf 76' lang='lat' dir='ltr'><strong>Heynii</strong></span> 
     </span>
     <span class='ocr_line' id='line_1_17' title="bbox 156 1683 2461 1792; baseline 0.008 -57"><span class='ocrx_word' id='word_1_148' title='bbox 156 1683 281 1736; x_wconf 87' lang='lat' dir='ltr'><strong>ratio</strong></span> <span class='ocrx_word' id='word_1_149' title='bbox 322 1683 494 1737; x_wconf 85' lang='lat' dir='ltr'><strong>unice</strong></span> <span class='ocrx_word' id='word_1_150' title='bbox 529 1703 662 1740; x_wconf 82' lang='lat' dir='ltr'><strong>vera</strong></span> <span class='ocrx_word' id='word_1_151' title='bbox 703 1687 943 1742; x_wconf 84' lang='lat' dir='ltr'><strong>videtur.</strong></span> <span class='ocrx_word' id='word_1_152' title='bbox 1013 1692 1151 1742; x_wconf 84' lang='lat' dir='ltr'><strong>Nam</strong></span> <span class='ocrx_word' id='word_1_153' title='bbox 1187 1692 1290 1745; x_wconf 88' lang='lat' dir='ltr'><strong>etsi</strong></span> <span class='ocrx_word' id='word_1_154' title='bbox 1326 1692 1497 1746; x_wconf 89' lang='lat' dir='ltr'><strong>alium</strong></span> <span class='ocrx_word' id='word_1_155' title='bbox 1533 1713 1651 1748; x_wconf 88' lang='lat' dir='ltr'><strong>non</strong></span> <span class='ocrx_word' id='word_1_156' title='bbox 1687 1697 1919 1751; x_wconf 87' lang='lat' dir='ltr'><strong>memini</strong></span> <span class='ocrx_word' id='word_1_157' title='bbox 1941 1695 2143 1758; x_wconf 75' lang='lat' dir='ltr'><strong>&#39;locum</strong></span> <span class='ocrx_word' id='word_1_158' title='bbox 2163 1743 2179 1772; x_wconf 81' lang='lat'><strong>,</strong></span> <span class='ocrx_word' id='word_1_159' title='bbox 2233 1707 2294 1761; x_wconf 84' lang='lat' dir='ltr'><strong>in</strong></span> <span class='ocrx_word' id='word_1_160' title='bbox 2342 1730 2461 1792; x_wconf 69' lang='lat'>‘³¹¹⁰</span> 
     </span>
     <span class='ocr_line' id='line_1_18' title="bbox 157 1753 2458 1835; baseline 0.01 -29"><span class='ocrx_word' id='word_1_161' title='bbox 157 1768 408 1806; x_wconf 79' lang='lat' dir='ltr'><strong>convexa</strong></span> <span class='ocrx_word' id='word_1_162' title='bbox 469 1753 800 1822; x_wconf 88' lang='lat' dir='ltr'><strong>simpliciter</strong></span> <span class='ocrx_word' id='word_1_163' title='bbox 863 1774 964 1825; x_wconf 89' lang='lat' dir='ltr'><strong>pro</strong></span> <span class='ocrx_word' id='word_1_164' title='bbox 1023 1757 1270 1813; x_wconf 87' lang='lat' dir='ltr'><strong>vallibus</strong></span> <span class='ocrx_word' id='word_1_165' title='bbox 1332 1760 1575 1828; x_wconf 85' lang='lat' dir='ltr'><strong>dicatur,</strong></span> <span class='ocrx_word' id='word_1_166' title='bbox 1639 1780 1903 1834; x_wconf 64' lang='lat' dir='ltr'><strong>connexa</strong></span> <span class='ocrx_word' id='word_1_167' title='bbox 1970 1769 2161 1822; x_wconf 83' lang='lat' dir='ltr'><strong>tamen</strong></span> <span class='ocrx_word' id='word_1_168' title='bbox 2216 1776 2458 1835; x_wconf 66' lang='lat' dir='ltr'><strong>vallium</strong></span> 
     </span>
     <span class='ocr_line' id='line_1_19' title="bbox 152 1818 2456 1903; baseline 0.013 -32"><span class='ocrx_word' id='word_1_169' title='bbox 152 1818 381 1891; x_wconf 81' lang='lat' dir='ltr'><strong>legimus</strong></span> <span class='ocrx_word' id='word_1_170' title='bbox 414 1822 566 1890; x_wconf 86' lang='lat' dir='ltr'><strong>apud</strong></span> <span class='ocrx_word' id='word_1_171' title='bbox 610 1823 893 1892; x_wconf 87' lang='lat' dir='ltr'><strong>Iustin.11,</strong></span> <span class='ocrx_word' id='word_1_172' title='bbox 932 1829 1015 1876; x_wconf 84' lang='lat'><strong>10.</strong></span> <span class='ocrx_word' id='word_1_173' title='bbox 1052 1833 1190 1877; x_wconf 77' lang='lat' dir='ltr'><strong>extr.</strong></span> <span class='ocrx_word' id='word_1_174' title='bbox 1229 1835 1282 1878; x_wconf 86' lang='lat' dir='ltr'><strong>et</strong></span> <span class='ocrx_word' id='word_1_175' title='bbox 1317 1844 1635 1884; x_wconf 78' lang='lat' dir='ltr'><strong>convexam</strong></span> <span class='ocrx_word' id='word_1_176' title='bbox 1665 1830 1873 1885; x_wconf 77' lang='lat' dir='ltr'><strong>vallem</strong></span> <span class='ocrx_word' id='word_1_177' title='bbox 1906 1837 2055 1903; x_wconf 85' lang='lat' dir='ltr'><strong>apud</strong></span> <span class='ocrx_word' id='word_1_178' title='bbox 2095 1839 2237 1894; x_wconf 89' lang='lat' dir='ltr'><strong>Plin.</strong></span> <span class='ocrx_word' id='word_1_179' title='bbox 2276 1848 2347 1898; x_wconf 89' lang='lat' dir='ltr'><strong>H.</strong></span> <span class='ocrx_word' id='word_1_180' title='bbox 2388 1851 2456 1901; x_wconf 89' lang='lat' dir='ltr'><strong>N.</strong></span> 
     </span>
     <span class='ocr_line' id='line_1_20' title="bbox 155 1887 2456 1989; baseline 0.009 -50"><span class='ocrx_word' id='word_1_181' title='bbox 155 1888 227 1953; x_wconf 91' lang='lat' dir='ltr'><strong>V,</strong></span> <span class='ocrx_word' id='word_1_182' title='bbox 266 1888 332 1954; x_wconf 82' lang='lat'><strong>5,</strong></span> <span class='ocrx_word' id='word_1_183' title='bbox 373 1889 424 1941; x_wconf 87' lang='grc'><strong>5.</strong></span> <span class='ocrx_word' id='word_1_184' title='bbox 498 1887 582 1941; x_wconf 87' lang='lat' dir='ltr'><strong>Cs.</strong></span> <span class='ocrx_word' id='word_1_185' title='bbox 621 1891 784 1943; x_wconf 85' lang='lat' dir='ltr'><strong>etiam</strong></span> <span class='ocrx_word' id='word_1_186' title='bbox 822 1909 988 1961; x_wconf 89' lang='lat' dir='ltr'><strong>supra</strong></span> <span class='ocrx_word' id='word_1_187' title='bbox 1021 1909 1078 1945; x_wconf 88' lang='lat' dir='ltr'><strong>v.</strong></span> <span class='ocrx_word' id='word_1_188' title='bbox 1118 1892 1239 1947; x_wconf 85' lang='lat'><strong>314.</strong></span> <span class='ocrx_word' id='word_1_189' title='bbox 1275 1894 1336 1947; x_wconf 74' lang='lat' dir='ltr'><strong>in</strong></span> <span class='ocrx_word' id='word_1_190' title='bbox 1381 1911 1645 1952; x_wconf 63' lang='lat' dir='ltr'><strong>‘convexo</strong></span> <span class='ocrx_word' id='word_1_191' title='bbox 1688 1904 2043 1969; x_wconf 52' lang='lat' dir='ltr'><strong>nemorum]</strong></span> <span class='ocrx_word' id='word_1_192' title='bbox 2081 1937 2151 1948; x_wconf 91' lang='lat'>—</span> <span class='ocrx_word' id='word_1_193' title='bbox 2203 1912 2456 1989; x_wconf 62' lang='lat' dir='ltr'><strong>polu,</strong></span> 
     </span>
     <span class='ocr_line' id='line_1_21' title="bbox 158 1955 2452 2051; baseline 0.012 -42"><span class='ocrx_word' id='word_1_194' title='bbox 158 1957 303 2009; x_wconf 76' lang='lat' dir='ltr'><strong>dum</strong></span> <span class='ocrx_word' id='word_1_195' title='bbox 342 1955 609 2009; x_wconf 75' lang='lat' dir='ltr'><strong>sidera</strong></span> <span class='ocrx_word' id='word_1_196' title='bbox 631 1969 933 2037; x_wconf 70' lang='lat' dir='ltr'><strong>pascet,</strong></span> <span class='ocrx_word' id='word_1_197' title='bbox 972 1977 1075 2028; x_wconf 88' lang='lat' dir='ltr'><strong>pro</strong></span> <span class='ocrx_word' id='word_1_198' title='bbox 1115 1960 1362 2015; x_wconf 86' lang='lat' dir='ltr'><strong>habebit.</strong></span> <span class='ocrx_word' id='word_1_199' title='bbox 1388 1962 1572 2033; x_wconf 73' lang='lat' dir='ltr'><strong>polus</strong></span> <span class='ocrx_word' id='word_1_200' title='bbox 1595 1983 1843 2034; x_wconf 81' lang='lat' dir='ltr'><strong>pascere</strong></span> <span class='ocrx_word' id='word_1_201' title='bbox 1875 1967 2077 2025; x_wconf 74' lang='lat' dir='ltr'><strong>sidera</strong></span> <span class='ocrx_word' id='word_1_202' title='bbox 2105 1975 2215 2029; x_wconf 75' lang='lat' dir='ltr'><strong>dici</strong></span> <span class='ocrx_word' id='word_1_203' title='bbox 2251 1991 2452 2051; x_wconf 86' lang='lat' dir='ltr'><strong>potest,</strong></span> 
     </span>
     <span class='ocr_line' id='line_1_22' title="bbox 155 2022 2454 2117; baseline 0.009 -41"><span class='ocrx_word' id='word_1_204' title='bbox 155 2040 244 2093; x_wconf 87' lang='lat' dir='ltr'><strong>pro</strong></span> <span class='ocrx_word' id='word_1_205' title='bbox 275 2022 465 2077; x_wconf 84' lang='lat' dir='ltr'><strong>sidera</strong></span> <span class='ocrx_word' id='word_1_206' title='bbox 494 2035 643 2092; x_wconf 80' lang='lat' dir='ltr'><strong>pasci</strong></span> <span class='ocrx_word' id='word_1_207' title='bbox 682 2026 741 2077; x_wconf 89' lang='lat' dir='ltr'><strong>in</strong></span> <span class='ocrx_word' id='word_1_208' title='bbox 784 2029 944 2095; x_wconf 86' lang='lat' dir='ltr'><strong>polo,</strong></span> <span class='ocrx_word' id='word_1_209' title='bbox 997 2037 1271 2099; x_wconf 85' lang='lat' dir='ltr'><strong>quatenus</strong></span> <span class='ocrx_word' id='word_1_210' title='bbox 1309 2034 1503 2084; x_wconf 84' lang='lat' dir='ltr'><strong>stellae</strong></span> <span class='ocrx_word' id='word_1_211' title='bbox 1553 2049 1737 2087; x_wconf 85' lang='lat' dir='ltr'><strong>errare</strong></span> <span class='ocrx_word' id='word_1_212' title='bbox 1776 2043 1834 2086; x_wconf 89' lang='lat' dir='ltr'><strong>et</strong></span> <span class='ocrx_word' id='word_1_213' title='bbox 1866 2038 2054 2117; x_wconf 73' lang='lat' dir='ltr'><strong>vagari</strong></span> <span class='ocrx_word' id='word_1_214' title='bbox 2095 2058 2196 2109; x_wconf 88' lang='lat' dir='ltr'><strong>per</strong></span> <span class='ocrx_word' id='word_1_215' title='bbox 2230 2052 2454 2103; x_wconf 83' lang='lat' dir='ltr'><strong>coelum</strong></span> 
     </span>
     <span class='ocr_line' id='line_1_23' title="bbox 152 2090 2455 2172; baseline 0.01 -30"><span class='ocrx_word' id='word_1_216' title='bbox 152 2091 425 2145; x_wconf 86' lang='lat' dir='ltr'><strong>videntur.</strong></span> <span class='ocrx_word' id='word_1_217' title='bbox 495 2090 562 2144; x_wconf 76' lang='lat' dir='ltr'><strong>Et</strong></span> <span class='ocrx_word' id='word_1_218' title='bbox 597 2091 1003 2147; x_wconf 84' lang='lat' dir='ltr'><strong>Callimachum</strong></span> <span class='ocrx_word' id='word_1_219' title='bbox 1049 2113 1375 2165; x_wconf 86' lang='lat' dir='ltr'><strong>expressum</strong></span> <span class='ocrx_word' id='word_1_220' title='bbox 1426 2116 1551 2153; x_wconf 85' lang='lat' dir='ltr'><strong>esse</strong></span> <span class='ocrx_word' id='word_1_221' title='bbox 1597 2117 1628 2151; x_wconf 88' lang='lat' dir='ltr'><strong>a</strong></span> <span class='ocrx_word' id='word_1_222' title='bbox 1666 2109 1887 2169; x_wconf 89' lang='lat' dir='ltr'><strong>nostro,</strong></span> <span class='ocrx_word' id='word_1_223' title='bbox 1936 2122 2049 2158; x_wconf 79' lang='lat' dir='ltr'><strong>ram</strong></span> <span class='ocrx_word' id='word_1_224' title='bbox 2101 2109 2172 2161; x_wconf 88' lang='lat' dir='ltr'><strong>ab</strong></span> <span class='ocrx_word' id='word_1_225' title='bbox 2210 2113 2334 2169; x_wconf 86' lang='lat' dir='ltr'><strong>aliis</strong></span> <span class='ocrx_word' id='word_1_226' title='bbox 2369 2128 2455 2172; x_wconf 82' lang='lat' dir='ltr'><strong>est</strong></span> 
     </span>
     <span class='ocr_line' id='line_1_24' title="bbox 152 2158 2450 2250; baseline 0.008 -39"><span class='ocrx_word' id='word_1_227' title='bbox 152 2167 423 2223; x_wconf 78' lang='lat' dir='ltr'><strong>notatum,</strong></span> <span class='ocrx_word' id='word_1_228' title='bbox 456 2158 667 2212; x_wconf 77' lang='lat' dir='ltr'><strong>itt-Del.</strong></span> <span class='ocrx_word' id='word_1_229' title='bbox 692 2163 809 2215; x_wconf 89' lang='grc'><strong>176.</strong></span> <span class='ocrx_word' id='word_1_230' title='bbox 870 2162 1120 2235; x_wconf 66' lang='grc' dir='ltr'><strong><em>Τείρεσιν,</em></strong></span> <span class='ocrx_word' id='word_1_231' title='bbox 1162 2162 1304 2229; x_wconf 69' lang='grc' dir='ltr'><strong><em>ἡνίκα</em></strong></span> <span class='ocrx_word' id='word_1_232' title='bbox 1332 2170 1538 2218; x_wconf 76' lang='grc' dir='ltr'><strong>πλεῖστα</strong></span> <span class='ocrx_word' id='word_1_233' title='bbox 1564 2167 1674 2218; x_wconf 78' lang='grc' dir='ltr'><strong>κατ’</strong></span> <span class='ocrx_word' id='word_1_234' title='bbox 1701 2167 2198 2240; x_wconf 23' lang='grc' dir='ltr'><strong>ἠέραιβουκολέονται.</strong></span> <span class='ocrx_word' id='word_1_235' title='bbox 2263 2182 2450 2250; x_wconf 81' lang='lat' dir='ltr'><strong>Quum</strong></span> 
     </span>
     <span class='ocr_line' id='line_1_25' title="bbox 151 2227 2448 2306; baseline 0.01 -28"><span class='ocrx_word' id='word_1_236' title='bbox 151 2235 322 2282; x_wconf 80' lang='lat' dir='ltr'><strong>tamen</strong></span> <span class='ocrx_word' id='word_1_237' title='bbox 375 2227 771 2281; x_wconf 85' lang='lat' dir='ltr'><strong>Lucretianum</strong></span> <span class='ocrx_word' id='word_1_238' title='bbox 804 2232 860 2296; x_wconf 89' lang='grc' dir='ltr'><strong>Ι,</strong></span> <span class='ocrx_word' id='word_1_239' title='bbox 908 2236 1025 2284; x_wconf 80' lang='grc'><strong>232.</strong></span> <span class='ocrx_word' id='word_1_240' title='bbox 1087 2234 1243 2285; x_wconf 79' lang='lat' dir='ltr'><strong>unde</strong></span> <span class='ocrx_word' id='word_1_241' title='bbox 1286 2232 1486 2287; x_wconf 74' lang='lat' dir='ltr'><strong>aether</strong></span> <span class='ocrx_word' id='word_1_242' title='bbox 1528 2233 1730 2289; x_wconf 74' lang='lat' dir='ltr'><strong>sidera</strong></span> <span class='ocrx_word' id='word_1_243' title='bbox 1771 2238 2010 2304; x_wconf 67' lang='lat' dir='ltr'><strong>pascit?</strong></span> <span class='ocrx_word' id='word_1_244' title='bbox 2062 2252 2118 2295; x_wconf 86' lang='lat' dir='ltr'><strong>et</strong></span> <span class='ocrx_word' id='word_1_245' title='bbox 2169 2245 2278 2300; x_wconf 88' lang='lat' dir='ltr'><strong>alia</strong></span> <span class='ocrx_word' id='word_1_246' title='bbox 2325 2252 2448 2306; x_wconf 78' lang='lat' dir='ltr'><strong>loca</strong></span> 
     </span>
     <span class='ocr_line' id='line_1_26' title="bbox 150 2294 2452 2374; baseline 0.01 -26"><span class='ocrx_word' id='word_1_247' title='bbox 150 2294 311 2348; x_wconf 78' lang='lat' dir='ltr'><strong>videri</strong></span> <span class='ocrx_word' id='word_1_248' title='bbox 353 2294 571 2362; x_wconf 88' lang='lat' dir='ltr'><strong>possint</strong></span> <span class='ocrx_word' id='word_1_249' title='bbox 601 2297 797 2365; x_wconf 76' lang='lat' dir='ltr'><strong>poe&#39;tae</strong></span> <span class='ocrx_word' id='word_1_250' title='bbox 834 2296 1022 2351; x_wconf 89' lang='lat' dir='ltr'><strong>animo</strong></span> <span class='ocrx_word' id='word_1_251' title='bbox 1056 2299 1359 2367; x_wconf 88' lang='lat' dir='ltr'><strong>insedisse,</strong></span> <span class='ocrx_word' id='word_1_252' title='bbox 1412 2302 1739 2355; x_wconf 86' lang='lat' dir='ltr'><strong>Servianam</strong></span> <span class='ocrx_word' id='word_1_253' title='bbox 1777 2305 2289 2374; x_wconf 86' lang='lat' dir='ltr'><strong>interpretationem</strong></span> <span class='ocrx_word' id='word_1_254' title='bbox 2334 2336 2452 2374; x_wconf 83' lang='lat' dir='ltr'><strong>non</strong></span> 
     </span>
     <span class='ocr_line' id='line_1_27' title="bbox 150 2364 2449 2442; baseline 0.012 -29"><span class='ocrx_word' id='word_1_255' title='bbox 150 2364 299 2431; x_wconf 86' lang='lat' dir='ltr'><strong>plane</strong></span> <span class='ocrx_word' id='word_1_256' title='bbox 324 2378 589 2429; x_wconf 88' lang='lat' dir='ltr'><strong>spernes,</strong></span> <span class='ocrx_word' id='word_1_257' title='bbox 618 2373 680 2416; x_wconf 86' lang='lat' dir='ltr'><strong>ut</strong></span> <span class='ocrx_word' id='word_1_258' title='bbox 706 2364 773 2417; x_wconf 86' lang='lat' dir='ltr'><strong>ad</strong></span> <span class='ocrx_word' id='word_1_259' title='bbox 803 2364 1268 2435; x_wconf 86' lang='lat' dir='ltr'><strong>philosophorum</strong></span> <span class='ocrx_word' id='word_1_260' title='bbox 1293 2368 1619 2436; x_wconf 89' lang='lat' dir='ltr'><strong>opinionem</strong></span> <span class='ocrx_word' id='word_1_261' title='bbox 1649 2370 1884 2438; x_wconf 75' lang='lat' dir='ltr'><strong>reseraS,</strong></span> <span class='ocrx_word' id='word_1_262' title='bbox 1912 2391 2022 2442; x_wconf 85' lang='lat' dir='ltr'><strong>qua</strong></span> <span class='ocrx_word' id='word_1_263' title='bbox 2049 2384 2449 2442; x_wconf 87' lang='lat' dir='ltr'><strong>astra-marinis</strong></span> 
     </span>
     <span class='ocr_line' id='line_1_28' title="bbox 146 2428 2443 2522; baseline 0.011 -40"><span class='ocrx_word' id='word_1_264' title='bbox 146 2428 486 2501; x_wconf 84' lang='lat' dir='ltr'><strong>terrenisque</strong></span> <span class='ocrx_word' id='word_1_265' title='bbox 521 2430 853 2487; x_wconf 88' lang='lat' dir='ltr'><strong>humoribus</strong></span> <span class='ocrx_word' id='word_1_266' title='bbox 891 2432 950 2485; x_wconf 89' lang='lat' dir='ltr'><strong>in</strong></span> <span class='ocrx_word' id='word_1_267' title='bbox 984 2450 1220 2504; x_wconf 83' lang='lat' dir='ltr'><strong>vapores</strong></span> <span class='ocrx_word' id='word_1_268' title='bbox 1258 2436 1552 2490; x_wconf 85' lang='lat' dir='ltr'><strong>attenuatis</strong></span> <span class='ocrx_word' id='word_1_269' title='bbox 1588 2436 1929 2511; x_wconf 73' lang='grc' dir='ltr'><strong>(α’πορῥοιάις)</strong></span> <span class='ocrx_word' id='word_1_270' title='bbox 1964 2442 2036 2496; x_wconf 81' lang='lat' dir='ltr'><strong>ali</strong></span> <span class='ocrx_word' id='word_1_271' title='bbox 2115 2445 2443 2522; x_wconf 77' lang='lat' dir='ltr'><strong>utabantur3</strong></span> 
     </span>
     <span class='ocr_line' id='line_1_29' title="bbox 149 2498 2440 2580; baseline 0.009 -31"><span class='ocrx_word' id='word_1_272' title='bbox 149 2498 617 2570; x_wconf 84' lang='lat' dir='ltr'><strong>quemadmodum</strong></span> <span class='ocrx_word' id='word_1_273' title='bbox 669 2499 763 2553; x_wconf 86' lang='lat' dir='ltr'><strong>iris</strong></span> <span class='ocrx_word' id='word_1_274' title='bbox 814 2499 1091 2568; x_wconf 82' lang='lat' dir='ltr'><strong>imbibere</strong></span> <span class='ocrx_word' id='word_1_275' title='bbox 1138 2501 1367 2558; x_wconf 84' lang='lat' dir='ltr'><strong>imbres.</strong></span> <span class='ocrx_word' id='word_1_276' title='bbox 1441 2505 1574 2558; x_wconf 90' lang='lat' dir='ltr'><strong>Vid.</strong></span> <span class='ocrx_word' id='word_1_277' title='bbox 1622 2508 1693 2559; x_wconf 89' lang='lat' dir='ltr'><strong>ad</strong></span> <span class='ocrx_word' id='word_1_278' title='bbox 1730 2507 1947 2561; x_wconf 86' lang='lat' dir='ltr'><strong>Tibull.</strong></span> <span class='ocrx_word' id='word_1_279' title='bbox 1975 2513 2028 2577; x_wconf 91' lang='lat'><strong>1,</strong></span> <span class='ocrx_word' id='word_1_280' title='bbox 2117 2553 2132 2580; x_wconf 95' lang='lat'><strong>,</strong></span> <span class='ocrx_word' id='word_1_281' title='bbox 2172 2517 2317 2569; x_wconf 77' lang='lat'><strong>44.“</strong></span> <span class='ocrx_word' id='word_1_282' title='bbox 2350 2521 2440 2579; x_wconf 75' lang='lat' dir='ltr'><strong>H.</strong></span> 
     </span>
     <span class='ocr_line' id='line_1_30' title="bbox 147 2563 2445 2656; baseline 0.008 -38"><span class='ocrx_word' id='word_1_283' title='bbox 147 2564 383 2632; x_wconf 88' lang='lat' dir='ltr'><strong>„Verba</strong></span> <span class='ocrx_word' id='word_1_284' title='bbox 419 2563 601 2634; x_wconf 80' lang='lat' dir='ltr'><strong>polus</strong></span> <span class='ocrx_word' id='word_1_285' title='bbox 647 2566 850 2622; x_wconf 76' lang='lat' dir='ltr'><strong>sidera</strong></span> <span class='ocrx_word' id='word_1_286' title='bbox 887 2569 1087 2638; x_wconf 78' lang='lat' dir='ltr'><strong>pascit</strong></span> <span class='ocrx_word' id='word_1_287' title='bbox 1132 2571 1357 2640; x_wconf 85' lang='lat' dir='ltr'><strong>linguae</strong></span> <span class='ocrx_word' id='word_1_288' title='bbox 1404 2573 1546 2626; x_wconf 88' lang='lat' dir='ltr'><strong>ratio</strong></span> <span class='ocrx_word' id='word_1_289' title='bbox 1601 2592 1788 2646; x_wconf 86' lang='lat' dir='ltr'><strong>neque</strong></span> <span class='ocrx_word' id='word_1_290' title='bbox 1828 2577 1896 2628; x_wconf 87' lang='lat' dir='ltr'><strong>ad</strong></span> <span class='ocrx_word' id='word_1_291' title='bbox 1934 2576 2081 2631; x_wconf 89' lang='lat' dir='ltr'><strong>hanc</strong></span> <span class='ocrx_word' id='word_1_292' title='bbox 2113 2581 2184 2634; x_wconf 89' lang='lat' dir='ltr'><strong>ab</strong></span> <span class='ocrx_word' id='word_1_293' title='bbox 2218 2587 2445 2656; x_wconf 77' lang='lat' dir='ltr'><strong>Heynio</strong></span> 
     </span>
     <span class='ocr_line' id='line_1_31' title="bbox 145 2634 2444 2719; baseline 0.007 -32"><span class='ocrx_word' id='word_1_294' title='bbox 145 2643 624 2687; x_wconf 85' lang='lat' dir='ltr'><strong>commemoratam</strong></span> <span class='ocrx_word' id='word_1_295' title='bbox 644 2634 968 2701; x_wconf 85' lang='lat' dir='ltr'><strong>opinionem</strong></span> <span class='ocrx_word' id='word_1_296' title='bbox 989 2639 1396 2693; x_wconf 85' lang='lat' dir='ltr'><strong>accommodari</strong></span> <span class='ocrx_word' id='word_1_297' title='bbox 1420 2641 1624 2709; x_wconf 86' lang='lat' dir='ltr'><strong>patitur</strong></span> <span class='ocrx_word' id='word_1_298' title='bbox 1646 2652 1831 2713; x_wconf 78' lang='lat' dir='ltr'><strong>neque</strong></span> <span class='ocrx_word' id='word_1_299' title='bbox 1858 2643 1932 2696; x_wconf 86' lang='lat' dir='ltr'><strong>ita</strong></span> <span class='ocrx_word' id='word_1_300' title='bbox 1956 2645 2222 2719; x_wconf 85' lang='lat' dir='ltr'><strong>intelligi:</strong></span> <span class='ocrx_word' id='word_1_301' title='bbox 2249 2659 2444 2712; x_wconf 68' lang='lat' dir='ltr'><strong>stellae</strong></span> 
     </span>
     <span class='ocr_line' id='line_1_32' title="bbox 143 2701 2444 2793; baseline 0.009 -39"><span class='ocrx_word' id='word_1_302' title='bbox 143 2701 201 2754; x_wconf 81' lang='lat' dir='ltr'><strong>in</strong></span> <span class='ocrx_word' id='word_1_303' title='bbox 232 2703 367 2770; x_wconf 87' lang='lat' dir='ltr'><strong>polo</strong></span> <span class='ocrx_word' id='word_1_304' title='bbox 402 2711 605 2754; x_wconf 66' lang='lat' dir='ltr'><strong>ewam</strong></span> <span class='ocrx_word' id='word_1_305' title='bbox 642 2703 787 2765; x_wconf 88' lang='lat' dir='ltr'><strong>(hoc</strong></span> <span class='ocrx_word' id='word_1_306' title='bbox 825 2714 909 2758; x_wconf 89' lang='lat' dir='ltr'><strong>est</strong></span> <span class='ocrx_word' id='word_1_307' title='bbox 945 2707 1383 2773; x_wconf 67' lang='grc' dir='ltr'><strong>βουκολεεῗσθαιὶς</strong></span> <span class='ocrx_word' id='word_1_308' title='bbox 1440 2709 1538 2767; x_wconf 85' lang='lat' dir='ltr'><strong>sed</strong></span> <span class='ocrx_word' id='word_1_309' title='bbox 1577 2709 1847 2780; x_wconf 83' lang='lat' dir='ltr'><strong>Virgilius</strong></span> <span class='ocrx_word' id='word_1_310' title='bbox 1883 2711 2018 2765; x_wconf 86' lang='lat' dir='ltr'><strong>dicit</strong></span> <span class='ocrx_word' id='word_1_311' title='bbox 2052 2728 2270 2787; x_wconf 87' lang='lat' dir='ltr'><strong>aperte,</strong></span> <span class='ocrx_word' id='word_1_312' title='bbox 2309 2727 2444 2793; x_wconf 83' lang='lat' dir='ltr'><strong>polo</strong></span> 
     </span>
     <span class='ocr_line' id='line_1_33' title="bbox 144 2766 2444 2853; baseline 0.007 -32"><span class='ocrx_word' id='word_1_313' title='bbox 144 2766 316 2822; x_wconf 85' lang='lat' dir='ltr'><strong>inesse</strong></span> <span class='ocrx_word' id='word_1_314' title='bbox 350 2767 500 2822; x_wconf 86' lang='lat' dir='ltr'><strong>vires</strong></span> <span class='ocrx_word' id='word_1_315' title='bbox 526 2769 715 2823; x_wconf 84' lang='lat' dir='ltr'><strong>alendi</strong></span> <span class='ocrx_word' id='word_1_316' title='bbox 743 2770 988 2824; x_wconf 75' lang='lat' dir='ltr'><strong>sidera.‘&#39;·&#39;</strong></span> <span class='ocrx_word' id='word_1_317' title='bbox 1026 2772 1140 2831; x_wconf 59' lang='lat' dir='ltr'><strong>JV,</strong></span> <span class='ocrx_word' id='word_1_318' title='bbox 1212 2774 1418 2843; x_wconf 85' lang='lat' dir='ltr'><strong>Aperte</strong></span> <span class='ocrx_word' id='word_1_319' title='bbox 1449 2776 1543 2828; x_wconf 87' lang='lat' dir='ltr'><strong>hic</strong></span> <span class='ocrx_word' id='word_1_320' title='bbox 1572 2778 1825 2849; x_wconf 87' lang='lat' dir='ltr'><strong>sequitur</strong></span> <span class='ocrx_word' id='word_1_321' title='bbox 1852 2781 2010 2847; x_wconf 65' lang='lat' dir='ltr'><strong>poeta</strong></span> <span class='ocrx_word' id='word_1_322' title='bbox 2042 2784 2444 2853; x_wconf 74' lang='lat' dir='ltr'><strong>Epicureorum</strong></span> 
     </span>
     <span class='ocr_line' id='line_1_34' title="bbox 142 2837 2443 2962; baseline 0.011 -74"><span class='ocrx_word' id='word_1_323' title='bbox 142 2837 437 2901; x_wconf 85' lang='lat' dir='ltr'><strong>rationem,</strong></span> <span class='ocrx_word' id='word_1_324' title='bbox 490 2853 562 2889; x_wconf 82' lang='lat' dir='ltr'><strong>ex</strong></span> <span class='ocrx_word' id='word_1_325' title='bbox 598 2853 720 2908; x_wconf 87' lang='lat' dir='ltr'><strong>qua·</strong></span> <span class='ocrx_word' id='word_1_326' title='bbox 754 2839 963 2896; x_wconf 80' lang='lat' dir='ltr'><strong>aetheri</strong></span> <span class='ocrx_word' id='word_1_327' title='bbox 1001 2840 1106 2909; x_wconf 90' lang='lat' dir='ltr'><strong>ipsi</strong></span> <span class='ocrx_word' id='word_1_328' title='bbox 1143 2840 1333 2894; x_wconf 88' lang='lat' dir='ltr'><strong>insunt</strong></span> <span class='ocrx_word' id='word_1_329' title='bbox 1354 2843 1670 2962; x_wconf 70' lang='lat' dir='ltr'><strong>Iparticulae</strong></span> <span class='ocrx_word' id='word_1_330' title='bbox 1712 2845 2013 2917; x_wconf 79' lang='lat' dir='ltr'><strong>igniferae,</strong></span> <span class='ocrx_word' id='word_1_331' title='bbox 2066 2854 2220 2906; x_wconf 82' lang='lat' dir='ltr'><strong>un&#39;de</strong></span> <span class='ocrx_word' id='word_1_332' title='bbox 2257 2857 2443 2914; x_wconf 83' lang='lat' dir='ltr'><strong>sidera</strong></span> 
     </span>
     <span class='ocr_line' id='line_1_35' title="bbox 141 2904 2442 2980; baseline 0.008 -24"><span class='ocrx_word' id='word_1_333' title='bbox 141 2904 457 2957; x_wconf 86' lang='lat' dir='ltr'><strong>nutriuntur</strong></span> <span class='ocrx_word' id='word_1_334' title='bbox 489 2905 585 2972; x_wconf 75' lang='lat' dir='ltr'><strong>(cf.</strong></span> <span class='ocrx_word' id='word_1_335' title='bbox 612 2905 1106 2960; x_wconf 79' lang='lat' dir='ltr'><strong>Schleiermacher.</strong></span> <span class='ocrx_word' id='word_1_336' title='bbox 1134 2908 1194 2960; x_wconf 90' lang='lat' dir='ltr'><strong>in</strong></span> <span class='ocrx_word' id='word_1_337' title='bbox 1217 2911 1352 2961; x_wconf 87' lang='lat' dir='ltr'><strong>Wol</strong></span> <span class='ocrx_word' id='word_1_338' title='bbox 1396 2909 1409 2962; x_wconf 90' lang='lat' dir='ltr'><strong>i</strong></span> <span class='ocrx_word' id='word_1_339' title='bbox 1434 2920 1489 2962; x_wconf 89' lang='lat' dir='ltr'><strong>et</strong></span> <span class='ocrx_word' id='word_1_340' title='bbox 1514 2913 1720 2965; x_wconf 84' lang='lat' dir='ltr'><strong>Buttm.</strong></span> <span class='ocrx_word' id='word_1_341' title='bbox 1753 2913 1917 2967; x_wconf 77' lang='lat' dir='ltr'><strong>Mus.</strong></span> <span class='ocrx_word' id='word_1_342' title='bbox 1951 2917 2014 2969; x_wconf 84' lang='lat' dir='ltr'><strong>d.</strong></span> <span class='ocrx_word' id='word_1_343' title='bbox 2042 2917 2442 2980; x_wconf 68' lang='lat' dir='ltr'><strong>Alter-ileum-</strong></span> 
     </span>
     <span class='ocr_line' id='line_1_36' title="bbox 144 2971 2440 3047; baseline 0.01 -22"><span class='ocrx_word' id='word_1_344' title='bbox 144 2971 283 3037; x_wconf 79' lang='lat' dir='ltr'><strong>wiss.</strong></span> <span class='ocrx_word' id='word_1_345' title='bbox 313 2975 369 3038; x_wconf 87' lang='lat'><strong>1,</strong></span> <span class='ocrx_word' id='word_1_346' title='bbox 405 2975 458 3024; x_wconf 90' lang='grc'><strong>3.</strong></span> <span class='ocrx_word' id='word_1_347' title='bbox 491 2989 551 3042; x_wconf 88' lang='lat' dir='ltr'><strong>p.</strong></span> <span class='ocrx_word' id='word_1_348' title='bbox 579 2973 702 3025; x_wconf 65' lang='lat'><strong>4005</strong></span> <span class='ocrx_word' id='word_1_349' title='bbox 730 2977 910 3045; x_wconf 84' lang='lat' dir='ltr'><strong>sqq.),</strong></span> <span class='ocrx_word' id='word_1_350' title='bbox 947 2992 1064 3028; x_wconf 88' lang='lat' dir='ltr'><strong>non</strong></span> <span class='ocrx_word' id='word_1_351' title='bbox 1099 2993 1233 3030; x_wconf 88' lang='lat' dir='ltr'><strong>vero</strong></span> <span class='ocrx_word' id='word_1_352' title='bbox 1269 2978 1533 3031; x_wconf 88' lang='lat' dir='ltr'><strong>Heracliti</strong></span> <span class='ocrx_word' id='word_1_353' title='bbox 1568 2987 1626 3033; x_wconf 84' lang='lat' dir='ltr'><strong>et</strong></span> <span class='ocrx_word' id='word_1_354' title='bbox 1655 2981 1964 3034; x_wconf 85' lang='lat' dir='ltr'><strong>Stoicorum</strong></span> <span class='ocrx_word' id='word_1_355' title='bbox 1996 2988 2330 3042; x_wconf 87' lang='lat' dir='ltr'><strong>sententiam</strong></span> <span class='ocrx_word' id='word_1_356' title='bbox 2367 2994 2440 3047; x_wconf 85' lang='lat' dir='ltr'><strong>de</strong></span> 
     </span>
     <span class='ocr_line' id='line_1_37' title="bbox 140 3038 2439 3117; baseline 0.01 -26"><span class='ocrx_word' id='word_1_357' title='bbox 140 3056 400 3112; x_wconf 85' lang='lat' dir='ltr'><strong>aquarum</strong></span> <span class='ocrx_word' id='word_1_358' title='bbox 434 3038 741 3110; x_wconf 88' lang='lat' dir='ltr'><strong>vaporibus</strong></span> <span class='ocrx_word' id='word_1_359' title='bbox 776 3044 963 3095; x_wconf 83' lang='lat' dir='ltr'><strong>stellas</strong></span> <span class='ocrx_word' id='word_1_360' title='bbox 997 3042 1275 3097; x_wconf 82' lang='lat' dir='ltr'><strong>alentibus</strong></span> <span class='ocrx_word' id='word_1_361' title='bbox 1316 3045 1567 3117; x_wconf 28' lang='lat' dir='ltr'><strong>(devqua</strong></span> <span class='ocrx_word' id='word_1_362' title='bbox 1594 3046 1667 3098; x_wconf 83' lang='lat' dir='ltr'><strong>cf.</strong></span> <span class='ocrx_word' id='word_1_363' title='bbox 1704 3046 1817 3100; x_wconf 84' lang='lat' dir='ltr'><strong>Cic.</strong></span> <span class='ocrx_word' id='word_1_364' title='bbox 1848 3051 1916 3100; x_wconf 83' lang='lat' dir='ltr'><strong>N.</strong></span> <span class='ocrx_word' id='word_1_365' title='bbox 1944 3051 2015 3102; x_wconf 90' lang='lat' dir='ltr'><strong>D.</strong></span> <span class='ocrx_word' id='word_1_366' title='bbox 2042 3055 2115 3115; x_wconf 92' lang='lat' dir='ltr'><strong>Il,</strong></span> <span class='ocrx_word' id='word_1_367' title='bbox 2141 3054 2225 3107; x_wconf 83' lang='lat'><strong>46.</strong></span> <span class='ocrx_word' id='word_1_368' title='bbox 2267 3060 2439 3115; x_wconf 88' lang='lat' dir='ltr'><strong>Tusc.</strong></span> 
     </span>
     <span class='ocr_line' id='line_1_38' title="bbox 139 3108 2439 3189; baseline 0.01 -30"><span class='ocrx_word' id='word_1_369' title='bbox 139 3110 291 3173; x_wconf 86' lang='grc'><strong>1,.19,</strong></span> <span class='ocrx_word' id='word_1_370' title='bbox 320 3108 410 3160; x_wconf 87' lang='grc'><strong>43.</strong></span> <span class='ocrx_word' id='word_1_371' title='bbox 450 3109 661 3161; x_wconf 79' lang='lat' dir='ltr'><strong>Lucan&#39;.</strong></span> <span class='ocrx_word' id='word_1_372' title='bbox 690 3113 764 3174; x_wconf 89' lang='lat' dir='ltr'><strong>X,</strong></span> <span class='ocrx_word' id='word_1_373' title='bbox 793 3113 912 3163; x_wconf 84' lang='lat'><strong>258.</strong></span> <span class='ocrx_word' id='word_1_374' title='bbox 950 3112 1140 3163; x_wconf 89' lang='lat' dir='ltr'><strong>Burm.</strong></span> <span class='ocrx_word' id='word_1_375' title='bbox 1169 3113 1237 3164; x_wconf 91' lang='lat' dir='ltr'><strong>ad</strong></span> <span class='ocrx_word' id='word_1_376' title='bbox 1265 3113 1502 3165; x_wconf 86' lang='lat' dir='ltr'><strong>Val.Fl.</strong></span> <span class='ocrx_word' id='word_1_377' title='bbox 1530 3116 1594 3180; x_wconf 89' lang='grc' dir='ltr'><strong>Π,</strong></span> <span class='ocrx_word' id='word_1_378' title='bbox 1620 3115 1707 3167; x_wconf 85' lang='grc'><strong>62.</strong></span> <span class='ocrx_word' id='word_1_379' title='bbox 1742 3115 1941 3170; x_wconf 84' lang='lat' dir='ltr'><strong>Heius.</strong></span> <span class='ocrx_word' id='word_1_380' title='bbox 1970 3119 2038 3169; x_wconf 88' lang='lat' dir='ltr'><strong>ad</strong></span> <span class='ocrx_word' id='word_1_381' title='bbox 2070 3120 2236 3175; x_wconf 85' lang='lat' dir='ltr'><strong>Ovid.</strong></span> <span class='ocrx_word' id='word_1_382' title='bbox 2270 3127 2439 3189; x_wconf 83' lang='lat' dir='ltr'><strong>Trist.</strong></span> 
     </span>
     <span class='ocr_line' id='line_1_39' title="bbox 139 3176 2436 3265; baseline 0.01 -38"><span class='ocrx_word' id='word_1_383' title='bbox 139 3176 185 3240; x_wconf 92' lang='lat' dir='ltr'><strong>l,</strong></span> <span class='ocrx_word' id='word_1_384' title='bbox 219 3181 301 3240; x_wconf 84' lang='lat'><strong>11,</strong></span> <span class='ocrx_word' id='word_1_385' title='bbox 344 3177 425 3228; x_wconf 83' lang='lat'><strong>16.</strong></span> <span class='ocrx_word' id='word_1_386' title='bbox 461 3176 637 3229; x_wconf 89' lang='lat' dir='ltr'><strong>Drak.</strong></span> <span class='ocrx_word' id='word_1_387' title='bbox 664 3177 735 3228; x_wconf 87' lang='lat' dir='ltr'><strong>ad</strong></span> <span class='ocrx_word' id='word_1_388' title='bbox 761 3177 863 3230; x_wconf 89' lang='lat' dir='ltr'><strong>Sil.</strong></span> <span class='ocrx_word' id='word_1_389' title='bbox 892 3180 1024 3245; x_wconf 86' lang='lat' dir='ltr'><strong>Vn,</strong></span> <span class='ocrx_word' id='word_1_390' title='bbox 1059 3182 1178 3233; x_wconf 88' lang='lat'><strong>639.</strong></span> <span class='ocrx_word' id='word_1_391' title='bbox 1212 3179 1355 3242; x_wconf 74' lang='lat' dir='ltr'><strong>alii.)</strong></span> <span class='ocrx_word' id='word_1_392' title='bbox 1425 3182 1610 3260; x_wconf 79' lang='lat' dir='ltr'><strong>Quare</strong></span> <span class='ocrx_word' id='word_1_393' title='bbox 1643 3199 1761 3235; x_wconf 90' lang='lat' dir='ltr'><strong>non</strong></span> <span class='ocrx_word' id='word_1_394' title='bbox 1795 3184 1927 3238; x_wconf 86' lang='lat' dir='ltr'><strong>satis</strong></span> <span class='ocrx_word' id='word_1_395' title='bbox 1964 3185 2151 3241; x_wconf 85' lang='lat' dir='ltr'><strong>mirari</strong></span> <span class='ocrx_word' id='word_1_396' title='bbox 2186 3207 2436 3265; x_wconf 85' lang='lat' dir='ltr'><strong>possum,</strong></span> 
     </span>
     <span class='ocr_line' id='line_1_40' title="bbox 139 3241 2440 3327; baseline 0.007 -31"><span class='ocrx_word' id='word_1_397' title='bbox 139 3241 417 3297; x_wconf 81' lang='lat' dir='ltr'><strong>&#39;l&#39;hielium</strong></span> <span class='ocrx_word' id='word_1_398' title='bbox 453 3244 718 3298; x_wconf 86' lang='lat' dir='ltr'><strong>miseram</strong></span> <span class='ocrx_word' id='word_1_399' title='bbox 755 3246 1034 3315; x_wconf 88' lang='lat' dir='ltr'><strong>recepisse</strong></span> <span class='ocrx_word' id='word_1_400' title='bbox 1064 3247 1300 3299; x_wconf 88' lang='lat' dir='ltr'><strong>Brodaei</strong></span> <span class='ocrx_word' id='word_1_401' title='bbox 1336 3248 1710 3303; x_wconf 77' lang='lat' dir='ltr'><strong>coniecturam</strong></span> <span class='ocrx_word' id='word_1_402' title='bbox 1735 3249 1922 3320; x_wconf 75' lang='lat' dir='ltr'><strong>palus</strong></span> <span class='ocrx_word' id='word_1_403' title='bbox 1953 3253 2094 3307; x_wconf 81' lang='lat' dir='ltr'><strong>dum</strong></span> <span class='ocrx_word' id='word_1_404' title='bbox 2123 3272 2175 3309; x_wconf 81' lang='lat' dir='ltr'><strong>S.</strong></span> <span class='ocrx_word' id='word_1_405' title='bbox 2208 3275 2279 3327; x_wconf 79' lang='lat' dir='ltr'><strong>p.</strong></span> <span class='ocrx_word' id='word_1_406' title='bbox 2351 3265 2440 3318; x_wconf 66' lang='lat' dir='ltr'><strong>De</strong></span> 
     </span>
     <span class='ocr_line' id='line_1_41' title="bbox 107 3304 2441 3432; baseline 0.009 -70"><span class='ocrx_word' id='word_1_407' title='bbox 107 3304 418 3432; x_wconf 32' lang='lat' dir='ltr'><strong>gmbpro</strong></span> <span class='ocrx_word' id='word_1_408' title='bbox 471 3313 631 3366; x_wconf 89' lang='lat' dir='ltr'><strong>coelo</strong></span> <span class='ocrx_word' id='word_1_409' title='bbox 679 3313 862 3379; x_wconf 88' lang='lat' dir='ltr'><strong>posito</strong></span> <span class='ocrx_word' id='word_1_410' title='bbox 913 3313 1029 3367; x_wconf 87' lang='lat' dir='ltr'><strong>vid.</strong></span> <span class='ocrx_word' id='word_1_411' title='bbox 1079 3331 1244 3383; x_wconf 87' lang='lat' dir='ltr'><strong>supra</strong></span> <span class='ocrx_word' id='word_1_412' title='bbox 1293 3314 1365 3366; x_wconf 87' lang='lat' dir='ltr'><strong>ad</strong></span> <span class='ocrx_word' id='word_1_413' title='bbox 1415 3332 1473 3369; x_wconf 92' lang='lat' dir='ltr'><strong>v.</strong></span> <span class='ocrx_word' id='word_1_414' title='bbox 1501 3319 1586 3370; x_wconf 89' lang='grc'><strong>90.</strong></span> <span class='ocrx_word' id='word_1_415' title='bbox 1621 3318 1815 3370; x_wconf 88' lang='lat' dir='ltr'><strong>Burm.</strong></span> <span class='ocrx_word' id='word_1_416' title='bbox 1859 3317 1955 3373; x_wconf 89' lang='lat' dir='ltr'><strong>hic</strong></span> <span class='ocrx_word' id='word_1_417' title='bbox 2005 3324 2244 3380; x_wconf 85' lang='lat' dir='ltr'><strong>conferri</strong></span> <span class='ocrx_word' id='word_1_418' title='bbox 2279 3327 2441 3386; x_wconf 71' lang='lat' dir='ltr'><strong>iubet</strong></span> 
     </span>
     <span class='ocr_line' id='line_1_42' title="bbox 205 3378 2438 3458; baseline 0.009 -29"><span class='ocrx_word' id='word_1_419' title='bbox 205 3418 216 3437; x_wconf 51' lang='lat'>2</span> <span class='ocrx_word' id='word_1_420' title='bbox 305 3410 310 3413; x_wconf 87' lang='lat'>-</span> <span class='ocrx_word' id='word_1_421' title='bbox 363 3378 433 3431; x_wconf 86' lang='lat' dir='ltr'><strong>ad</strong></span> <span class='ocrx_word' id='word_1_422' title='bbox 476 3381 611 3432; x_wconf 86' lang='lat' dir='ltr'><strong>Stat.</strong></span> <span class='ocrx_word' id='word_1_423' title='bbox 651 3378 837 3434; x_wconf 88' lang='lat' dir='ltr'><strong>Theb.</strong></span> <span class='ocrx_word' id='word_1_424' title='bbox 864 3383 971 3446; x_wconf 93' lang='lat' dir='ltr'><strong>IV,</strong></span> <span class='ocrx_word' id='word_1_425' title='bbox 1008 3382 1126 3436; x_wconf 79' lang='lat'><strong>748.</strong></span> <span class='ocrx_word' id='word_1_426' title='bbox 1182 3382 1443 3436; x_wconf 90' lang='lat' dir='ltr'><strong>Oudend.</strong></span> <span class='ocrx_word' id='word_1_427' title='bbox 1492 3384 1562 3435; x_wconf 89' lang='lat' dir='ltr'><strong>ad</strong></span> <span class='ocrx_word' id='word_1_428' title='bbox 1618 3386 1830 3439; x_wconf 88' lang='lat' dir='ltr'><strong>Lucan.</strong></span> <span class='ocrx_word' id='word_1_429' title='bbox 1859 3388 1970 3454; x_wconf 85' lang='lat' dir='ltr'><strong>IX,</strong></span> <span class='ocrx_word' id='word_1_430' title='bbox 2008 3393 2126 3443; x_wconf 83' lang='lat'><strong>531.</strong></span> <span class='ocrx_word' id='word_1_431' title='bbox 2174 3394 2331 3450; x_wconf 88' lang='lat' dir='ltr'><strong>alios.</strong></span> <span class='ocrx_word' id='word_1_432' title='bbox 2359 3427 2438 3458; x_wconf 67' lang='lat'><strong>,—-·</strong></span> 
     </span>
     <span class='ocr_line' id='line_1_43' title="bbox 129 3446 2439 3522; baseline 0.008 -21"><span class='ocrx_word' id='word_1_433' title='bbox 129 3447 397 3513; x_wconf 48' lang='lat' dir='ltr'><strong>‘mosem</strong></span> <span class='ocrx_word' id='word_1_434' title='bbox 436 3449 831 3519; x_wconf 78' lang='lat' dir='ltr'><strong>„Quocunque</strong></span> <span class='ocrx_word' id='word_1_435' title='bbox 853 3446 1079 3517; x_wconf 80' lang='lat' dir='ltr'><strong>abiero,</strong></span> <span class='ocrx_word' id='word_1_436' title='bbox 1115 3447 1373 3502; x_wconf 87' lang='lat' dir='ltr'><strong>beneficii</strong></span> <span class='ocrx_word' id='word_1_437' title='bbox 1399 3451 1610 3521; x_wconf 88' lang='lat' dir='ltr'><strong>accepti</strong></span> <span class='ocrx_word' id='word_1_438' title='bbox 1637 3469 1854 3508; x_wconf 86' lang='lat' dir='ltr'><strong>memor</strong></span> <span class='ocrx_word' id='word_1_439' title='bbox 1888 3471 2016 3522; x_wconf 67' lang='grc' dir='ltr'><strong>στος</strong></span> <span class='ocrx_word' id='word_1_440' title='bbox 2050 3475 2182 3511; x_wconf 89' lang='lat' dir='ltr'><strong>nam</strong></span> <span class='ocrx_word' id='word_1_441' title='bbox 2205 3474 2439 3519; x_wconf 79' lang='lat' dir='ltr'><strong>manent</strong></span> 
     </span>
     <span class='ocr_line' id='line_1_44' title="bbox 138 3512 2463 3599; baseline 0.006 -28"><span class='ocrx_word' id='word_1_442' title='bbox 138 3512 296 3571; x_wconf 91' lang='grc' dir='ltr'><strong>σθω</strong></span> <span class='ocrx_word' id='word_1_443' title='bbox 326 3532 427 3580; x_wconf 86' lang='lat' dir='ltr'><strong>ea,</strong></span> <span class='ocrx_word' id='word_1_444' title='bbox 466 3533 709 3588; x_wconf 84' lang='lat' dir='ltr'><strong>quorum</strong></span> <span class='ocrx_word' id='word_1_445' title='bbox 744 3517 1012 3570; x_wconf 85' lang='lat' dir='ltr'><strong>memoria</strong></span> <span class='ocrx_word' id='word_1_446' title='bbox 1047 3518 1371 3571; x_wconf 87' lang='lat' dir='ltr'><strong>servatur.“</strong></span> <span class='ocrx_word' id='word_1_447' title='bbox 1403 3517 1493 3572; x_wconf 82' lang='lat' dir='ltr'><strong>H.</strong></span> <span class='ocrx_word' id='word_1_448' title='bbox 1565 3521 1732 3586; x_wconf 85' lang='lat' dir='ltr'><strong>„Aut</strong></span> <span class='ocrx_word' id='word_1_449' title='bbox 1764 3521 1952 3594; x_wconf 88' lang='lat' dir='ltr'><strong>inepta</strong></span> <span class='ocrx_word' id='word_1_450' title='bbox 1985 3542 2121 3579; x_wconf 91' lang='lat' dir='ltr'><strong>usus</strong></span> <span class='ocrx_word' id='word_1_451' title='bbox 2156 3537 2240 3581; x_wconf 85' lang='lat' dir='ltr'><strong>est</strong></span> <span class='ocrx_word' id='word_1_452' title='bbox 2270 3533 2463 3599; x_wconf 34' lang='lat' dir='ltr'><strong>poeta,</strong></span> 
     </span>
     <span class='ocr_line' id='line_1_45' title="bbox 135 3579 2495 3666; baseline 0.006 -33"><span class='ocrx_word' id='word_1_453' title='bbox 135 3579 170 3633; x_wconf 80' lang='lat' dir='ltr'><strong>h</strong></span> <span class='ocrx_word' id='word_1_454' title='bbox 240 3580 468 3649; x_wconf 86' lang='lat' dir='ltr'><strong>erbola,</strong></span> <span class='ocrx_word' id='word_1_455' title='bbox 514 3592 610 3636; x_wconf 90' lang='lat' dir='ltr'><strong>aut</strong></span> <span class='ocrx_word' id='word_1_456' title='bbox 643 3583 786 3636; x_wconf 82' lang='lat' dir='ltr'><strong>haec</strong></span> <span class='ocrx_word' id='word_1_457' title='bbox 816 3583 890 3637; x_wconf 85' lang='lat' dir='ltr'><strong>ita</strong></span> <span class='ocrx_word' id='word_1_458' title='bbox 927 3584 1253 3655; x_wconf 84' lang='lat' dir='ltr'><strong>accipienda</strong></span> <span class='ocrx_word' id='word_1_459' title='bbox 1288 3594 1449 3639; x_wconf 87' lang='lat' dir='ltr'><strong>sunt:</strong></span> <span class='ocrx_word' id='word_1_460' title='bbox 1498 3589 1563 3640; x_wconf 90' lang='lat' dir='ltr'><strong>In</strong></span> <span class='ocrx_word' id='word_1_461' title='bbox 1597 3586 1666 3640; x_wconf 87' lang='lat' dir='ltr'><strong>iis</strong></span> <span class='ocrx_word' id='word_1_462' title='bbox 1702 3590 1895 3655; x_wconf 81' lang='lat' dir='ltr'><strong>terris,</strong></span> <span class='ocrx_word' id='word_1_463' title='bbox 1946 3589 2008 3643; x_wconf 87' lang='lat' dir='ltr'><strong>in</strong></span> <span class='ocrx_word' id='word_1_464' title='bbox 2045 3590 2253 3666; x_wconf 79' lang='lat' dir='ltr'><strong>quibus</strong></span> <span class='ocrx_word' id='word_1_465' title='bbox 2289 3614 2435 3652; x_wconf 81' lang='lat' dir='ltr'><strong>con·</strong></span> <span class='ocrx_word' id='word_1_466' title='bbox 2482 3623 2495 3629; x_wconf 91' lang='lat'><strong>·</strong></span> 
     </span>
     <span class='ocr_line' id='line_1_46' title="bbox 136 3592 2436 3724; baseline 0.003 -24"><span class='ocrx_word' id='word_1_467' title='bbox 136 3592 355 3714; x_wconf 49' lang='lat' dir='ltr'><strong>sgdpero,</strong></span> <span class='ocrx_word' id='word_1_468' title='bbox 416 3659 481 3703; x_wconf 87' lang='lat' dir='ltr'><strong>ut</strong></span> <span class='ocrx_word' id='word_1_469' title='bbox 526 3650 808 3720; x_wconf 41' lang='lat' dir='ltr'><strong>perennis,</strong></span> <span class='ocrx_word' id='word_1_470' title='bbox 855 3651 928 3706; x_wconf 88' lang='lat' dir='ltr'><strong>sit</strong></span> <span class='ocrx_word' id='word_1_471' title='bbox 977 3651 1237 3706; x_wconf 85' lang='lat' dir='ltr'><strong>beneficii</strong></span> <span class='ocrx_word' id='word_1_472' title='bbox 1303 3653 1382 3706; x_wconf 90' lang='lat' dir='ltr'><strong>tui</strong></span> <span class='ocrx_word' id='word_1_473' title='bbox 1431 3655 1733 3724; x_wconf 87' lang='lat' dir='ltr'><strong>memoria,</strong></span> <span class='ocrx_word' id='word_1_474' title='bbox 1798 3656 2056 3710; x_wconf 87' lang='lat' dir='ltr'><strong>efficiam.</strong></span> <span class='ocrx_word' id='word_1_475' title='bbox 2076 3661 2112 3686; x_wconf 84' lang='lat'><strong>·‘</strong></span> <span class='ocrx_word' id='word_1_476' title='bbox 2163 3660 2315 3720; x_wconf 79' lang='lat' dir='ltr'><strong>Wr.</strong></span> <span class='ocrx_word' id='word_1_477' title='bbox 2365 3696 2436 3707; x_wconf 86' lang='grc'><strong>..-</strong></span> 
     </span>
     <span class='ocr_line' id='line_1_47' title="bbox 136 3718 2433 3790; baseline 0.008 -22"><span class='ocrx_word' id='word_1_478' title='bbox 136 3718 733 3785; x_wconf 53' lang='grc' dir='ltr'><strong>61οε-612.,,,Ι.εειιιε</strong></span> <span class='ocrx_word' id='word_1_479' title='bbox 787 3729 844 3774; x_wconf 89' lang='lat' dir='ltr'><strong>et</strong></span> <span class='ocrx_word' id='word_1_480' title='bbox 883 3729 1069 3790; x_wconf 81' lang='lat' dir='ltr'><strong>gratus</strong></span> <span class='ocrx_word' id='word_1_481' title='bbox 1117 3719 1544 3774; x_wconf 87' lang='lat' dir='ltr'><strong>benevolentiae</strong></span> <span class='ocrx_word' id='word_1_482' title='bbox 1594 3734 1648 3777; x_wconf 87' lang='lat' dir='ltr'><strong>et</strong></span> <span class='ocrx_word' id='word_1_483' title='bbox 1679 3724 1955 3778; x_wconf 84' lang='lat' dir='ltr'><strong>amicitiae</strong></span> <span class='ocrx_word' id='word_1_484' title='bbox 1989 3725 2213 3781; x_wconf 83' lang='lat' dir='ltr'><strong>affectus</strong></span> <span class='ocrx_word' id='word_1_485' title='bbox 2245 3728 2307 3782; x_wconf 87' lang='lat' dir='ltr'><strong>in</strong></span> <span class='ocrx_word' id='word_1_486' title='bbox 2341 3730 2433 3788; x_wconf 84' lang='lat' dir='ltr'><strong>his</strong></span> 
     </span>
     <span class='ocr_line' id='line_1_48' title="bbox 134 3784 2433 3872; baseline 0.007 -35"><span class='ocrx_word' id='word_1_487' title='bbox 134 3784 384 3839; x_wconf 74' lang='lat' dir='ltr'><strong>versibus</strong></span> <span class='ocrx_word' id='word_1_488' title='bbox 445 3785 854 3842; x_wconf 75' lang='lat' dir='ltr'><strong>observandus.</strong></span> <span class='ocrx_word' id='word_1_489' title='bbox 874 3791 909 3816; x_wconf 78' lang='lat'><strong>‘⁶</strong></span> <span class='ocrx_word' id='word_1_490' title='bbox 974 3787 1062 3844; x_wconf 84' lang='lat' dir='ltr'><strong>H.</strong></span> <span class='ocrx_word' id='word_1_491' title='bbox 1126 3813 1196 3826; x_wconf 90' lang='lat'><em>-</em></span> <span class='ocrx_word' id='word_1_492' title='bbox 1288 3791 1409 3843; x_wconf 88' lang='grc'><strong>611.</strong></span> <span class='ocrx_word' id='word_1_493' title='bbox 1455 3786 1848 3845; x_wconf 78' lang='lat' dir='ltr'><strong>Serestum</strong></span> <span class='ocrx_word' id='word_1_494' title='bbox 1908 3809 1983 3844; x_wconf 86' lang='lat' dir='ltr'><strong>ne</strong></span> <span class='ocrx_word' id='word_1_495' title='bbox 2043 3793 2174 3872; x_wconf 84' lang='lat' dir='ltr'><strong>quis</strong></span> <span class='ocrx_word' id='word_1_496' title='bbox 2230 3797 2433 3854; x_wconf 82' lang='lat' dir='ltr'><strong>vitiose</strong></span> 
     </span>
    </p>

    <p class='ocr_par' dir='ltr' id='par_1_4' title="bbox 88 3853 2434 4211">
     <span class='ocr_line' id='line_1_49' title="bbox 88 3853 2433 3981; baseline 0.007 -77"><span class='ocrx_word' id='word_1_497' title='bbox 88 3911 93 3922; x_wconf 65' lang='lat'><strong>,</strong></span> <span class='ocrx_word' id='word_1_498' title='bbox 138 3854 395 3921; x_wconf 80' lang='lat' dir='ltr'><strong>scriptum</strong></span> <span class='ocrx_word' id='word_1_499' title='bbox 444 3853 728 3908; x_wconf 83' lang='lat' dir='ltr'><strong>existimet</strong></span> <span class='ocrx_word' id='word_1_500' title='bbox 773 3872 877 3925; x_wconf 87' lang='lat' dir='ltr'><strong>pro</strong></span> <span class='ocrx_word' id='word_1_501' title='bbox 910 3853 1279 3926; x_wconf 72' lang='lat' dir='ltr'><strong>Sergestum,</strong></span> <span class='ocrx_word' id='word_1_502' title='bbox 1332 3874 1500 3928; x_wconf 79' lang='lat' dir='ltr'><strong>quem</strong></span> <span class='ocrx_word' id='word_1_503' title='bbox 1540 3876 1708 3927; x_wconf 85' lang='lat' dir='ltr'><strong>snpra</strong></span> <span class='ocrx_word' id='word_1_504' title='bbox 1743 3876 1796 3912; x_wconf 88' lang='lat' dir='ltr'><strong>v.</strong></span> <span class='ocrx_word' id='word_1_505' title='bbox 1826 3863 1944 3938; x_wconf 70' lang='lat'><strong>519.</strong></span> <span class='ocrx_word' id='word_1_506' title='bbox 1965 3862 2142 3981; x_wconf 46' lang='lat' dir='ltr'><strong>foeta</strong></span> <span class='ocrx_word' id='word_1_507' title='bbox 2178 3878 2433 3920; x_wconf 89' lang='lat' dir='ltr'><strong>comme-</strong></span> 
     </span>
     <span class='ocr_line' id='line_1_50' title="bbox 135 3920 2434 4006; baseline 0.006 -34"><span class='ocrx_word' id='word_1_508' title='bbox 135 3920 392 3988; x_wconf 84' lang='lat' dir='ltr'><strong>moravit,</strong></span> <span class='ocrx_word' id='word_1_509' title='bbox 440 3922 791 3990; x_wconf 84' lang='lat' dir='ltr'><strong>meminerit,</strong></span> <span class='ocrx_word' id='word_1_510' title='bbox 841 3922 984 3976; x_wconf 88' lang='lat' dir='ltr'><strong>ibid.</strong></span> <span class='ocrx_word' id='word_1_511' title='bbox 1021 3940 1077 3976; x_wconf 83' lang='lat' dir='ltr'><strong>v.</strong></span> <span class='ocrx_word' id='word_1_512' title='bbox 1109 3924 1474 3977; x_wconf 66' lang='lat' dir='ltr'><strong>511.‘diserte</strong></span> <span class='ocrx_word' id='word_1_513' title='bbox 1507 3926 1775 3995; x_wconf 79' lang='lat' dir='ltr'><strong>scriptum</strong></span> <span class='ocrx_word' id='word_1_514' title='bbox 1832 3943 1921 3997; x_wconf 80' lang='lat' dir='ltr'><strong>egi</strong></span> <span class='ocrx_word' id='word_1_515' title='bbox 2017 3945 2434 4006; x_wconf 69' lang='lat' dir='ltr'><strong>ceterorumque</strong></span> 
     </span>
     <span class='ocr_line' id='line_1_51' title="bbox 138 3987 2433 4063; baseline 0.003 -23"><span class='ocrx_word' id='word_1_516' title='bbox 138 3987 375 4056; x_wconf 77' lang='lat' dir='ltr'><strong>ulios,</strong></span> <span class='ocrx_word' id='word_1_517' title='bbox 424 3999 596 4061; x_wconf 81' lang='lat' dir='ltr'><strong>atque</strong></span> <span class='ocrx_word' id='word_1_518' title='bbox 645 3989 739 4042; x_wconf 88' lang='lat' dir='ltr'><strong>hic</strong></span> <span class='ocrx_word' id='word_1_519' title='bbox 787 3991 953 4044; x_wconf 83' lang='lat' dir='ltr'><strong>etiam</strong></span> <span class='ocrx_word' id='word_1_520' title='bbox 993 3988 1167 4061; x_wconf 81' lang='lat' dir='ltr'><strong>Gyan</strong></span> <span class='ocrx_word' id='word_1_521' title='bbox 1219 3992 1487 4063; x_wconf 77' lang='lat' dir='ltr'><strong>adiungi,</strong></span> <span class='ocrx_word' id='word_1_522' title='bbox 1537 3995 1696 4048; x_wconf 84' lang='lat' dir='ltr'><strong>cuius</strong></span> <span class='ocrx_word' id='word_1_523' title='bbox 1741 4012 1805 4048; x_wconf 89' lang='lat' dir='ltr'><strong>su</strong></span> <span class='ocrx_word' id='word_1_524' title='bbox 1848 4011 1909 4046; x_wconf 83' lang='lat' dir='ltr'><strong>ra</strong></span> <span class='ocrx_word' id='word_1_525' title='bbox 1955 3997 2209 4050; x_wconf 89' lang='lat' dir='ltr'><strong>nondum</strong></span> <span class='ocrx_word' id='word_1_526' title='bbox 2261 4016 2433 4055; x_wconf 55' lang='lat' dir='ltr'><strong>men⁶</strong></span> 
     </span>
     <span class='ocr_line' id='line_1_52' title="bbox 134 4055 2430 4132; baseline 0.007 -27"><span class='ocrx_word' id='word_1_527' title='bbox 134 4055 329 4110; x_wconf 82' lang='lat' dir='ltr'><strong>tionem</strong></span> <span class='ocrx_word' id='word_1_528' title='bbox 381 4055 584 4110; x_wconf 80' lang='lat' dir='ltr'><strong>factam</strong></span> <span class='ocrx_word' id='word_1_529' title='bbox 628 4057 954 4113; x_wconf 86' lang='lat' dir='ltr'><strong>viderimus.</strong></span> <span class='ocrx_word' id='word_1_530' title='bbox 1047 4059 1270 4113; x_wconf 86' lang='lat' dir='ltr'><strong>Evincit</strong></span> <span class='ocrx_word' id='word_1_531' title='bbox 1327 4070 1511 4112; x_wconf 84' lang='lat' dir='ltr'><strong>autem</strong></span> <span class='ocrx_word' id='word_1_532' title='bbox 1559 4079 1676 4114; x_wconf 87' lang='lat' dir='ltr'><strong>rem</strong></span> <span class='ocrx_word' id='word_1_533' title='bbox 1726 4065 1883 4125; x_wconf 87' lang='lat' dir='ltr'><strong>locus</strong></span> <span class='ocrx_word' id='word_1_534' title='bbox 1927 4065 2059 4126; x_wconf 89' lang='lat' dir='ltr'><strong>XII,</strong></span> <span class='ocrx_word' id='word_1_535' title='bbox 2111 4065 2261 4132; x_wconf 62' lang='lat'><strong>561„</strong></span> <span class='ocrx_word' id='word_1_536' title='bbox 2328 4069 2430 4126; x_wconf 81' lang='lat' dir='ltr'><strong>ubi</strong></span> 
     </span>
     <span class='ocr_line' id='line_1_53' title="bbox 135 4122 2430 4211; baseline 0.008 -38"><span class='ocrx_word' id='word_1_537' title='bbox 135 4123 359 4178; x_wconf 77' lang='lat' dir='ltr'><strong>lenimus</strong></span> <span class='ocrx_word' id='word_1_538' title='bbox 379 4144 394 4175; x_wconf 75' lang='grc' dir='ltr'><em>τ</em></span> <span class='ocrx_word' id='word_1_539' title='bbox 433 4122 744 4179; x_wconf 74' lang='lat' dir='ltr'><strong>Mnesthea</strong></span> <span class='ocrx_word' id='word_1_540' title='bbox 769 4123 1209 4199; x_wconf 75' lang='lat' dir='ltr'><strong>Sergestumque</strong></span> <span class='ocrx_word' id='word_1_541' title='bbox 1229 4137 1398 4182; x_wconf 79' lang='lat' dir='ltr'><strong>vocat</strong></span> <span class='ocrx_word' id='word_1_542' title='bbox 1417 4130 1754 4202; x_wconf 77' lang='lat' dir='ltr'><strong>fortemque</strong></span> <span class='ocrx_word' id='word_1_543' title='bbox 1776 4127 2067 4185; x_wconf 71' lang='lat' dir='ltr'><strong>Serestum</strong></span> <span class='ocrx_word' id='word_1_544' title='bbox 2075 4169 2111 4211; x_wconf 38' lang='lat'><strong>,⁶</strong></span> <span class='ocrx_word' id='word_1_545' title='bbox 2138 4133 2234 4204; x_wconf 90' lang='lat' dir='ltr'><strong>qui</strong></span> <span class='ocrx_word' id='word_1_546' title='bbox 2261 4135 2430 4192; x_wconf 85' lang='lat' dir='ltr'><strong>etiam</strong></span> 
     </span>
    </p>
   </div>
   <div class='ocr_carea' id='block_1_4' title="bbox 135 4165 2429 4276">
    <p class='ocr_par' dir='ltr' id='par_1_5' title="bbox 135 4165 2429 4276">
     <span class='ocr_line' id='line_1_54' title="bbox 135 4165 2429 4276; baseline 0.007 -33"><span class='ocrx_word' id='word_1_547' title='bbox 135 4165 468 4245; x_wconf 62' lang='lat' dir='ltr'><strong>Bi’unckium</strong></span> <span class='ocrx_word' id='word_1_548' title='bbox 522 4209 710 4249; x_wconf 83' lang='lat' dir='ltr'><strong>errare</strong></span> <span class='ocrx_word' id='word_1_549' title='bbox 760 4193 948 4260; x_wconf 89' lang='lat' dir='ltr'><strong>docet,</strong></span> <span class='ocrx_word' id='word_1_550' title='bbox 1012 4192 1062 4250; x_wconf 88' lang='lat' dir='ltr'><strong><em>S</em></strong></span> <span class='ocrx_word' id='word_1_551' title='bbox 1162 4206 1343 4249; x_wconf 71' lang='lat' dir='ltr'><strong>esium</strong></span> <span class='ocrx_word' id='word_1_552' title='bbox 1400 4204 1455 4248; x_wconf 91' lang='lat' dir='ltr'><strong>et</strong></span> <span class='ocrx_word' id='word_1_553' title='bbox 1500 4195 1793 4251; x_wconf 75' lang='lat' dir='ltr'><strong>Serestum</strong></span> <span class='ocrx_word' id='word_1_554' title='bbox 1843 4197 2011 4252; x_wconf 88' lang='lat' dir='ltr'><strong>unius</strong></span> <span class='ocrx_word' id='word_1_555' title='bbox 2061 4202 2429 4276; x_wconf 81' lang='lat' dir='ltr'><strong>eiusdemque</strong></span> 
     </span>
    </p>
   </div>
   <div class='ocr_carea' id='block_1_5' title="bbox 135 4259 2425 4335">
    <p class='ocr_par' dir='ltr' id='par_1_6' title="bbox 135 4259 2425 4335">
     <span class='ocr_line' id='line_1_55' title="bbox 135 4259 2425 4335; baseline 0.007 -28"><span class='ocrx_word' id='word_1_556' title='bbox 135 4260 368 4314; x_wconf 81' lang='lat' dir='ltr'><strong>nominis</strong></span> <span class='ocrx_word' id='word_1_557' title='bbox 404 4259 588 4314; x_wconf 87' lang='lat' dir='ltr'><strong>varias</strong></span> <span class='ocrx_word' id='word_1_558' title='bbox 614 4260 786 4314; x_wconf 88' lang='lat' dir='ltr'><strong>modo</strong></span> <span class='ocrx_word' id='word_1_559' title='bbox 820 4261 1025 4316; x_wconf 84' lang='lat' dir='ltr'><strong>formas</strong></span> <span class='ocrx_word' id='word_1_560' title='bbox 1055 4262 1125 4314; x_wconf 90' lang='lat' dir='ltr'><strong>ha</strong></span> <span class='ocrx_word' id='word_1_561' title='bbox 1171 4273 1376 4317; x_wconf 89' lang='lat' dir='ltr'><strong>entem.</strong></span> <span class='ocrx_word' id='word_1_562' title='bbox 1445 4261 1704 4316; x_wconf 87' lang='lat' dir='ltr'><strong>Ceterum</strong></span> <span class='ocrx_word' id='word_1_563' title='bbox 1732 4261 1998 4319; x_wconf 76' lang='lat' dir='ltr'><strong>Serestus</strong></span> <span class='ocrx_word' id='word_1_564' title='bbox 2022 4266 2186 4321; x_wconf 85' lang='lat' dir='ltr'><strong>etiam</strong></span> <span class='ocrx_word' id='word_1_565' title='bbox 2213 4270 2279 4335; x_wconf 92' lang='lat' dir='ltr'><strong>V,</strong></span> <span class='ocrx_word' id='word_1_566' title='bbox 2304 4272 2425 4326; x_wconf 78' lang='grc'><strong>487.</strong></span> 
     </span>
    </p>
   </div>
   <div class='ocr_carea' id='block_1_6' title="bbox 135 4329 2427 4532">
    <p class='ocr_par' dir='ltr' id='par_1_7' title="bbox 135 4329 2427 4532">
     <span class='ocr_line' id='line_1_56' title="bbox 138 4329 2426 4418; baseline 0.007 -42"><span class='ocrx_word' id='word_1_567' title='bbox 138 4332 183 4377; x_wconf 88' lang='lat' dir='ltr'><strong>et</strong></span> <span class='ocrx_word' id='word_1_568' title='bbox 222 4329 329 4394; x_wconf 75' lang='lat' dir='ltr'><strong>IX,</strong></span> <span class='ocrx_word' id='word_1_569' title='bbox 367 4334 503 4385; x_wconf 71' lang='lat'><strong>‚171.</strong></span> <span class='ocrx_word' id='word_1_570' title='bbox 551 4338 1036 4382; x_wconf 84' lang='lat' dir='ltr'><strong>commemoratur.</strong></span> <span class='ocrx_word' id='word_1_571' title='bbox 1082 4355 1150 4370; x_wconf 90' lang='lat'><strong>-·</strong></span> <span class='ocrx_word' id='word_1_572' title='bbox 1228 4332 1347 4384; x_wconf 76' lang='grc'><strong>613.</strong></span> <span class='ocrx_word' id='word_1_573' title='bbox 1385 4329 1634 4400; x_wconf 79' lang='lat' dir='ltr'><strong>primo</strong></span> <span class='ocrx_word' id='word_1_574' title='bbox 1683 4346 1809 4384; x_wconf 86' lang='lat' dir='ltr'><strong>cum</strong></span> <span class='ocrx_word' id='word_1_575' title='bbox 1980 4343 2138 4414; x_wconf 37' lang='lat' dir='ltr'><strong>‘ectr-0</strong></span> <span class='ocrx_word' id='word_1_576' title='bbox 2180 4337 2426 4418; x_wconf 71' lang='lat' dir='ltr'><strong>coniun-</strong></span> 
     </span>
     <span class='ocr_line' id='line_1_57' title="bbox 135 4394 2427 4532; baseline -0 -71"><span class='ocrx_word' id='word_1_577' title='bbox 135 4394 996 4530; x_wconf 41' lang='grc' dir='ltr'><strong>ἔθῐῦῒᾷὲῖἑῑιὶῐκίξιᾼὲζοιῗάγοώίο</strong></span> <span class='ocrx_word' id='word_1_578' title='bbox 1018 4395 1349 4497; x_wconf 80' lang='lat' dir='ltr'><strong>habendum</strong></span> <span class='ocrx_word' id='word_1_579' title='bbox 1378 4415 1500 4454; x_wconf 85' lang='lat' dir='ltr'><strong>esse</strong></span> <span class='ocrx_word' id='word_1_580' title='bbox 1513 4437 1533 4467; x_wconf 92' lang='lat'><strong>,</strong></span> <span class='ocrx_word' id='word_1_581' title='bbox 1567 4397 1724 4473; x_wconf 86' lang='lat' dir='ltr'><strong>quod</strong></span> <span class='ocrx_word' id='word_1_582' title='bbox 1746 4399 1912 4481; x_wconf 79' lang='lat' dir='ltr'><strong>apud·</strong></span> <span class='ocrx_word' id='word_1_583' title='bbox 1947 4472 1989 4532; x_wconf 71' lang='lat'>1</span> <span class='ocrx_word' id='word_1_584' title='bbox 2022 4405 2427 4506; x_wconf 41' lang='lat' dir='ltr'><strong>gilium-rarius</strong></span> 
     </span>
    </p>
   </div>
  </div>
 </body>
</html>
